timestamp,ap0,av0,bp0,bv0,ap1,av1,bp1,bv1,ap2,av2,bp2,bv2,ap3,av3,bp3,bv3,ap4,av4,bp4,bv4,ap5,av5,bp5,bv5,ap6,av6,bp6,bv6,ap7,av7,bp7,bv7,ap8,av8,bp8,bv8,ap9,av9,bp9,bv9
2024-11-12T06:50:44.897594Z,89704.900000000,0.002000000,89704.800000000,4.763491450,89719.000000000,0.000071100,89704.200000000,1.716752690,89725.200000000,0.005568970,89703.300000000,1.716770150,89734.000000000,0.000081100,89702.200000000,0.004462610,89743.100000000,0.011478030,89702.100000000,3.388994300,89743.200000000,0.005568970,89701.000000000,3.407536010,89744.800000000,0.019396810,89699.900000000,0.337500000,89745.400000000,0.234924000,89696.400000000,1.716902790,89754.000000000,5.570787880,89696.300000000,0.337500000,89755.000000000,2.785360660,89694.900000000,1.716931390
2024-11-12T06:50:45.142295Z,89704.900000000,0.002000000,89704.800000000,4.763491450,89719.000000000,0.000071100,89704.200000000,1.716752690,89725.200000000,0.005568970,89703.300000000,1.716770150,89734.000000000,0.000081100,89702.200000000,0.004462610,89743.100000000,0.011478030,89702.100000000,3.388994300,89743.200000000,0.005568970,89701.000000000,3.407536010,89744.800000000,0.019396810,89700.200000000,0.005657440,89745.400000000,0.234924000,89699.900000000,0.337500000,89754.000000000,5.570787880,89696.400000000,1.716902790,89755.000000000,2.785360660,89696.300000000,0.337500000
2024-11-12T06:50:45.160221Z,89704.900000000,0.002000000,89704.800000000,4.808038940,89719.000000000,0.000071100,89704.200000000,1.716752690,89725.200000000,0.005568970,89703.300000000,1.716770150,89734.000000000,0.000081100,89702.200000000,0.004462610,89743.100000000,0.011478030,89702.100000000,3.388994300,89743.200000000,0.005568970,89701.000000000,3.407536010,89744.800000000,0.019396810,89700.200000000,0.005657440,89745.400000000,0.234924000,89699.900000000,0.337500000,89754.000000000,5.570787880,89696.400000000,1.716902790,89755.000000000,2.785360660,89696.300000000,0.337500000
2024-11-12T06:50:45.264211Z,89704.900000000,0.002000000,89704.800000000,4.808038940,89719.000000000,0.000071100,89704.200000000,1.716752690,89725.200000000,0.005568970,89703.300000000,1.716770150,89734.000000000,0.000081100,89702.200000000,0.004462610,89743.100000000,0.011478030,89702.100000000,3.388994300,89743.200000000,0.005568970,89701.000000000,3.407536010,89744.800000000,0.019396810,89700.200000000,0.005657440,89745.400000000,0.234924000,89699.900000000,0.337500000,89747.500000000,0.022116270,89696.400000000,1.716902790,89754.000000000,5.570787880,89696.300000000,0.337500000
2024-11-12T06:50:45.331124Z,89704.900000000,0.002000000,89704.800000000,4.854098940,89719.000000000,0.000071100,89704.200000000,1.716752690,89725.200000000,0.005568970,89703.300000000,1.716770150,89734.000000000,0.000081100,89702.200000000,0.004462610,89743.100000000,0.011478030,89702.100000000,3.388994300,89743.200000000,0.005568970,89701.000000000,3.407536010,89744.800000000,0.019396810,89700.200000000,0.005657440,89745.400000000,0.234924000,89699.900000000,0.337500000,89747.500000000,0.022116270,89696.400000000,1.716902790,89754.000000000,5.570787880,89696.300000000,0.337500000
2024-11-12T06:50:45.335906Z,89704.900000000,0.002000000,89704.800000000,5.104098940,89719.000000000,0.000071100,89704.200000000,1.716752690,89725.200000000,0.005568970,89703.300000000,1.716770150,89734.000000000,0.000081100,89702.200000000,0.004462610,89743.100000000,0.011478030,89702.100000000,3.388994300,89743.200000000,0.005568970,89701.000000000,3.407536010,89744.800000000,0.019396810,89700.200000000,0.005657440,89745.400000000,0.234924000,89699.900000000,0.337500000,89747.500000000,0.022116270,89696.400000000,1.716902790,89754.000000000,5.570787880,89696.300000000,0.337500000
2024-11-12T06:50:45.558774Z,89704.900000000,0.002000000,89704.800000000,5.104098940,89719.000000000,0.000071100,89704.200000000,1.716752690,89725.200000000,0.005568970,89703.300000000,1.716770150,89734.000000000,0.000081100,89702.200000000,0.004462610,89743.100000000,0.011478030,89702.100000000,3.388994300,89743.200000000,0.005568970,89701.000000000,3.407536010,89744.800000000,0.019396810,89700.600000000,0.022207630,89745.400000000,0.234924000,89700.200000000,0.005657440,89747.500000000,0.022116270,89699.900000000,0.337500000,89754.000000000,5.570787880,89696.400000000,1.716902790
2024-11-12T06:50:45.765737Z,89704.900000000,0.002000000,89704.800000000,5.104098940,89719.000000000,0.000071100,89704.200000000,1.716752690,89725.200000000,0.005568970,89703.300000000,1.716770150,89734.000000000,0.000081100,89702.200000000,0.004462610,89743.100000000,0.011478030,89702.100000000,3.388994300,89743.200000000,0.005568970,89701.000000000,3.407536010,89744.800000000,0.019396810,89700.200000000,0.005657440,89745.400000000,0.234924000,89699.900000000,0.337500000,89747.500000000,0.022116270,89696.400000000,1.716902790,89754.000000000,5.570787880,89696.300000000,0.337500000
2024-11-12T06:50:45.816498Z,89704.900000000,0.002000000,89704.800000000,5.104098940,89719.000000000,0.000071100,89704.200000000,1.716752690,89725.200000000,0.005568970,89703.300000000,1.716770150,89734.000000000,0.000081100,89702.200000000,0.004462610,89743.100000000,0.011478030,89702.100000000,3.388994300,89743.200000000,0.005568970,89701.000000000,3.407536010,89744.800000000,0.019396810,89700.200000000,0.005657440,89745.400000000,0.234924000,89699.900000000,0.337500000,89754.000000000,5.570787880,89696.400000000,1.716902790,89754.300000000,2.785382940,89696.300000000,0.337500000
2024-11-12T06:50:46.058446Z,89704.900000000,0.002000000,89704.800000000,5.104098940,89719.000000000,0.000071100,89704.200000000,1.716752690,89725.200000000,0.005568970,89703.300000000,1.716770150,89734.000000000,0.000081100,89702.200000000,0.004462610,89743.100000000,0.011478030,89702.100000000,3.388994300,89743.200000000,0.005568970,89701.000000000,3.407536010,89744.800000000,0.019396810,89700.200000000,0.005657440,89745.400000000,0.234924000,89699.900000000,0.337500000,89754.000000000,5.570787880,89696.400000000,1.716902790,89755.000000000,2.785360660,89696.300000000,0.337500000
2024-11-12T06:50:46.124498Z,89704.900000000,0.002000000,89704.800000000,5.104098940,89719.000000000,0.000071100,89704.200000000,1.716752690,89725.200000000,0.005568970,89703.300000000,1.716770150,89734.000000000,0.000081100,89702.200000000,0.004462610,89743.100000000,0.011478030,89702.100000000,3.388994300,89743.200000000,0.005568970,89701.000000000,3.407536010,89744.800000000,0.019396810,89700.200000000,0.005657440,89745.400000000,0.234924000,89699.900000000,0.337500000,89752.900000000,2.785426670,89696.400000000,1.716902790,89754.000000000,5.570787880,89696.300000000,0.337500000
2024-11-12T06:50:46.129758Z,89704.900000000,0.002000000,89704.800000000,5.104098940,89719.000000000,0.000071100,89704.200000000,1.716752690,89725.200000000,0.005568970,89703.300000000,1.716770150,89734.000000000,0.000081100,89702.200000000,0.004462610,89743.100000000,0.011478030,89702.100000000,3.388994300,89743.200000000,0.005568970,89701.000000000,3.407536010,89744.800000000,0.019396810,89700.200000000,0.005657440,89745.400000000,0.234924000,89699.900000000,0.337500000,89754.000000000,5.570787880,89696.400000000,1.716902790,89755.000000000,2.785360660,89696.300000000,0.337500000
2024-11-12T06:50:46.135882Z,89704.900000000,0.002000000,89704.800000000,5.104098940,89719.000000000,0.000071100,89704.200000000,1.716752690,89725.200000000,0.005568970,89703.300000000,1.716770150,89734.000000000,0.000081100,89702.200000000,0.004462610,89743.100000000,0.011478030,89702.100000000,3.388994300,89743.200000000,0.005568970,89701.000000000,3.407536010,89744.800000000,0.019396810,89700.200000000,0.005657440,89745.400000000,0.234924000,89699.900000000,0.337500000,89750.900000000,2.785488610,89696.400000000,1.716902790,89754.000000000,5.570787880,89696.300000000,0.337500000
2024-11-12T06:50:46.142971Z,89704.900000000,0.002000000,89704.800000000,5.104098940,89719.000000000,0.000071100,89704.200000000,1.716752690,89725.200000000,0.005568970,89703.300000000,1.716770150,89734.000000000,0.000081100,89702.200000000,0.004462610,89743.100000000,0.011478030,89702.100000000,3.388994300,89743.200000000,0.005568970,89701.000000000,3.407536010,89744.800000000,0.019396810,89700.200000000,0.005657440,89745.400000000,0.234924000,89699.900000000,0.337500000,89754.000000000,5.570787880,89696.400000000,1.716902790,89755.000000000,2.785360660,89696.300000000,0.337500000
2024-11-12T06:50:46.150605Z,89704.900000000,0.002000000,89704.800000000,5.104098940,89719.000000000,0.000071100,89704.200000000,1.716752690,89725.200000000,0.005568970,89703.300000000,1.716770150,89734.000000000,0.000081100,89702.200000000,0.004462610,89743.100000000,0.011478030,89702.100000000,3.388994300,89743.200000000,0.005568970,89701.000000000,3.407536010,89744.800000000,0.019396810,89700.200000000,0.005657440,89745.400000000,0.234924000,89699.900000000,0.337500000,89748.400000000,2.785566590,89696.400000000,1.716902790,89754.000000000,5.570787880,89696.300000000,0.337500000
2024-11-12T06:50:46.168502Z,89704.900000000,0.002000000,89704.800000000,5.104098940,89719.000000000,0.000071100,89704.200000000,1.716752690,89725.200000000,0.005568970,89703.300000000,1.716770150,89734.000000000,0.000081100,89702.200000000,0.004462610,89743.100000000,0.011478030,89702.100000000,3.388994300,89743.200000000,0.005568970,89701.000000000,3.407536010,89744.800000000,0.019396810,89700.200000000,0.005657440,89745.400000000,0.234924000,89699.900000000,0.337500000,89748.400000000,2.785566590,89696.400000000,1.716902790,89751.200000000,0.022229910,89696.300000000,0.337500000
2024-11-12T06:50:46.176978Z,89704.900000000,0.002000000,89704.800000000,5.104098940,89719.000000000,0.000071100,89704.200000000,1.716752690,89725.200000000,0.005568970,89703.300000000,1.716770150,89734.000000000,0.000081100,89702.200000000,0.004462610,89743.100000000,0.011478030,89702.100000000,3.388994300,89743.200000000,0.005568970,89701.000000000,3.407536010,89744.800000000,0.019396810,89700.200000000,0.005657440,89745.400000000,0.234924000,89699.900000000,0.337500000,89746.900000000,2.785612420,89696.400000000,1.716902790,89748.400000000,2.785566590,89696.300000000,0.337500000
2024-11-12T06:50:46.178990Z,89704.900000000,0.002000000,89704.800000000,5.104098940,89719.000000000,0.000071100,89704.200000000,1.716752690,89725.200000000,0.005568970,89703.300000000,1.716770150,89734.000000000,0.000081100,89702.200000000,0.004462610,89743.100000000,0.011478030,89702.100000000,3.388994300,89743.200000000,0.005568970,89701.000000000,3.407536010,89744.800000000,0.019396810,89700.200000000,0.005657440,89745.400000000,0.234924000,89699.900000000,0.337500000,89746.900000000,2.785612420,89696.400000000,1.716902790,89751.200000000,0.022229910,89696.300000000,0.337500000
2024-11-12T06:50:46.184010Z,89704.900000000,0.002000000,89704.800000000,5.104098940,89719.000000000,0.000071100,89704.200000000,1.716752690,89725.200000000,0.005568970,89703.300000000,1.716770150,89734.000000000,0.000081100,89702.200000000,0.004462610,89743.100000000,0.011478030,89702.100000000,3.388994300,89743.200000000,0.005568970,89701.000000000,3.407536010,89744.800000000,0.019396810,89700.200000000,0.005657440,89745.400000000,0.234924000,89699.900000000,0.337500000,89751.200000000,0.022229910,89696.400000000,1.716902790,89754.000000000,5.570787880,89696.300000000,0.337500000
2024-11-12T06:50:46.192949Z,89704.900000000,0.002000000,89704.800000000,5.104098940,89719.000000000,0.000071100,89704.200000000,1.716752690,89725.200000000,0.005568970,89703.300000000,1.716770150,89734.000000000,0.000081100,89702.200000000,0.004462610,89743.100000000,0.011478030,89702.100000000,3.388994300,89743.200000000,0.005568970,89701.000000000,3.407536010,89744.800000000,0.019396810,89700.200000000,0.005657440,89745.400000000,0.234924000,89699.900000000,0.337500000,89747.900000000,2.785581230,89696.400000000,1.716902790,89751.200000000,0.022229910,89696.300000000,0.337500000
2024-11-12T06:50:46.192999Z,89704.900000000,0.002000000,89704.800000000,5.104098940,89719.000000000,0.000071100,89704.200000000,1.716752690,89725.200000000,0.005568970,89703.300000000,1.716770150,89734.000000000,0.000081100,89702.200000000,0.004462610,89743.000000000,2.785734090,89702.100000000,3.388994300,89743.100000000,0.011478030,89701.000000000,3.407536010,89743.200000000,0.005568970,89700.200000000,0.005657440,89744.800000000,0.019396810,89699.900000000,0.337500000,89745.400000000,0.234924000,89696.400000000,1.716902790,89747.900000000,2.785581230,89696.300000000,0.337500000
2024-11-12T06:50:46.196744Z,89704.900000000,0.002000000,89704.800000000,5.104098940,89719.000000000,0.000071100,89704.200000000,1.716752690,89725.200000000,0.005568970,89703.300000000,1.716770150,89734.000000000,0.000081100,89702.200000000,0.004462610,89741.900000000,0.480000000,89702.100000000,3.388994300,89743.000000000,2.785734090,89701.000000000,3.407536010,89743.100000000,0.011478030,89700.200000000,0.005657440,89743.200000000,0.005568970,89699.900000000,0.337500000,89744.800000000,0.019396810,89696.400000000,1.716902790,89745.400000000,0.234924000,89696.300000000,0.337500000
2024-11-12T06:50:46.200367Z,89704.900000000,0.002000000,89704.800000000,5.104098940,89719.000000000,0.000071100,89704.200000000,1.716752690,89725.200000000,0.005568970,89703.300000000,1.716770150,89734.000000000,0.000081100,89702.200000000,0.004462610,89741.900000000,0.480000000,89702.100000000,3.388994300,89743.000000000,2.785734090,89701.000000000,3.407536010,89743.100000000,0.011478030,89700.200000000,0.005657440,89744.800000000,0.019396810,89699.900000000,0.337500000,89745.400000000,0.234924000,89696.400000000,1.716902790,89747.900000000,2.785581230,89696.300000000,0.337500000
2024-11-12T06:50:46.203552Z,89704.900000000,0.002000000,89704.800000000,5.104098940,89719.000000000,0.000071100,89704.200000000,1.716752690,89725.200000000,0.005568970,89703.300000000,1.716770150,89734.000000000,0.000081100,89702.200000000,0.004462610,89735.100000000,0.000100000,89702.100000000,3.388994300,89741.900000000,0.480000000,89701.000000000,3.407536010,89743.000000000,2.785734090,89700.200000000,0.005657440,89743.100000000,0.011478030,89699.900000000,0.337500000,89744.800000000,0.019396810,89696.400000000,1.716902790,89745.400000000,0.234924000,89696.300000000,0.337500000
2024-11-12T06:50:46.203582Z,89704.900000000,0.002000000,89704.800000000,5.104198940,89719.000000000,0.000071100,89704.200000000,1.716752690,89725.200000000,0.005568970,89703.300000000,1.716770150,89734.000000000,0.000081100,89702.200000000,0.004462610,89735.100000000,0.000100000,89702.100000000,3.388994300,89741.900000000,0.480000000,89701.000000000,3.407536010,89743.000000000,2.785734090,89700.200000000,0.005657440,89743.100000000,0.011478030,89699.900000000,0.337500000,89744.800000000,0.019396810,89696.400000000,1.716902790,89745.400000000,0.234924000,89696.300000000,0.337500000
2024-11-12T06:50:46.206258Z,89704.900000000,0.002000000,89704.800000000,5.104198940,89719.000000000,0.000071100,89704.200000000,1.716752690,89725.200000000,0.005568970,89703.300000000,1.716770150,89734.000000000,0.000081100,89702.200000000,0.004462610,89735.100000000,0.000100000,89702.100000000,3.388994300,89741.900000000,0.480000000,89701.000000000,3.407536010,89743.100000000,0.011478030,89700.200000000,0.005657440,89744.800000000,0.019396810,89699.900000000,0.337500000,89745.400000000,0.234924000,89696.400000000,1.716902790,89747.900000000,2.785581230,89696.300000000,0.337500000
2024-11-12T06:50:46.210087Z,89704.900000000,0.002000000,89704.800000000,5.104198940,89719.000000000,0.000071100,89704.200000000,1.716752690,89725.200000000,0.005568970,89703.300000000,1.716770150,89734.000000000,0.000081100,89702.200000000,0.004462610,89735.100000000,0.000100000,89702.100000000,3.388994300,89741.900000000,0.480000000,89701.000000000,3.407536010,89743.100000000,0.011478030,89700.200000000,0.005657440,89744.800000000,0.019396810,89699.900000000,0.337500000,89745.400000000,0.234924000,89696.400000000,1.716902790,89745.800000000,2.785647070,89696.300000000,0.337500000
2024-11-12T06:50:46.210226Z,89704.900000000,0.002000000,89704.800000000,5.104198940,89719.000000000,0.000071100,89704.200000000,1.716752690,89725.200000000,0.005568970,89703.300000000,1.716770150,89734.000000000,0.000081100,89702.200000000,0.004462610,89735.100000000,0.000100000,89702.100000000,3.388994300,89741.900000000,0.480000000,89701.000000000,3.407536010,89743.100000000,0.011478030,89700.200000000,0.005657440,89743.700000000,2.785710930,89699.900000000,0.337500000,89744.800000000,0.019396810,89696.400000000,1.716902790,89745.400000000,0.234924000,89696.300000000,0.337500000
2024-11-12T06:50:46.215319Z,89704.900000000,0.002000000,89704.800000000,5.104198940,89719.000000000,0.000071100,89704.200000000,1.716752690,89725.200000000,0.005568970,89703.300000000,1.716770150,89734.000000000,0.000081100,89702.200000000,0.004462610,89735.100000000,0.000100000,89702.100000000,3.388994300,89741.900000000,0.480000000,89701.000000000,3.407536010,89743.100000000,0.011478030,89700.200000000,0.005657440,89744.800000000,0.019396810,89699.900000000,0.337500000,89745.400000000,0.234924000,89696.400000000,1.716902790,89745.800000000,2.785647070,89696.300000000,0.337500000
2024-11-12T06:50:46.218379Z,89704.900000000,0.002000000,89704.800000000,5.104198940,89719.000000000,0.000071100,89704.200000000,1.716752690,89725.200000000,0.005568970,89703.300000000,1.716770150,89734.000000000,0.000081100,89702.200000000,0.004462610,89735.100000000,0.000100000,89702.100000000,3.388994300,89741.900000000,0.480000000,89701.000000000,3.407536010,89743.100000000,0.011478030,89700.200000000,0.005657440,89744.800000000,0.019396810,89699.900000000,0.337500000,89745.400000000,0.234924000,89696.400000000,1.716902790,89747.900000000,2.785581230,89696.300000000,0.337500000
2024-11-12T06:50:46.226928Z,89704.900000000,0.002000000,89704.800000000,5.104198940,89719.000000000,0.000071100,89704.200000000,1.716752690,89725.200000000,0.005568970,89703.300000000,1.716770150,89734.000000000,0.000081100,89702.200000000,0.004462610,89735.100000000,0.000100000,89702.100000000,3.388994300,89741.900000000,0.480000000,89701.000000000,3.407536010,89742.900000000,0.011478030,89700.200000000,0.005657440,89744.800000000,0.019396810,89699.900000000,0.337500000,89745.400000000,0.234924000,89696.400000000,1.716902790,89747.900000000,2.785581230,89696.300000000,0.337500000
2024-11-12T06:50:46.227796Z,89704.900000000,0.002000000,89704.800000000,5.104198940,89719.000000000,0.000071100,89704.200000000,1.716752690,89725.200000000,0.005568970,89703.300000000,1.716770150,89734.000000000,0.000081100,89702.200000000,0.004462610,89735.100000000,0.000100000,89702.100000000,3.388994300,89741.900000000,0.480000000,89701.000000000,3.407536010,89742.900000000,0.011478030,89700.200000000,0.005657440,89744.800000000,0.019396810,89699.900000000,0.337500000,89745.400000000,0.234924000,89696.400000000,1.716902790,89748.900000000,5.571104370,89696.300000000,0.337500000
2024-11-12T06:50:46.232424Z,89704.900000000,0.002000000,89704.800000000,5.104198940,89719.000000000,0.000071100,89704.200000000,1.716752690,89725.200000000,0.005568970,89703.300000000,1.716770150,89734.000000000,0.000081100,89702.200000000,0.004462610,89735.100000000,0.000100000,89702.100000000,3.388994300,89742.900000000,0.011478030,89701.000000000,3.407536010,89744.800000000,0.019396810,89700.200000000,0.005657440,89745.400000000,0.234924000,89699.900000000,0.337500000,89748.900000000,5.571104370,89696.400000000,1.716902790,89750.200000000,0.005568970,89696.300000000,0.337500000
2024-11-12T06:50:46.248057Z,89704.900000000,0.002000000,89704.800000000,5.104198940,89719.000000000,0.000071100,89704.200000000,1.716752690,89725.200000000,0.005568970,89703.300000000,1.716770150,89734.000000000,0.000081100,89702.200000000,0.004462610,89735.100000000,0.000100000,89702.100000000,3.388994300,89744.700000000,0.011478030,89701.000000000,3.407536010,89744.800000000,0.019396810,89700.200000000,0.005657440,89745.400000000,0.234924000,89699.900000000,0.337500000,89748.900000000,5.571104370,89696.400000000,1.716902790,89750.200000000,0.005568970,89696.300000000,0.337500000
2024-11-12T06:50:46.252636Z,89704.900000000,0.002000000,89704.800000000,5.104198940,89719.000000000,0.000071100,89704.200000000,1.716752690,89725.200000000,0.005568970,89703.300000000,1.716770150,89734.000000000,0.000081100,89702.200000000,0.004462610,89735.100000000,0.000100000,89702.100000000,3.388994300,89744.700000000,0.011478030,89701.000000000,3.407536010,89744.800000000,0.019396810,89700.200000000,0.005657440,89745.400000000,0.234924000,89699.900000000,0.337500000,89748.900000000,5.571104370,89696.400000000,1.716902790,89749.400000000,2.785536200,89696.300000000,0.337500000
2024-11-12T06:50:46.306443Z,89704.900000000,0.002000000,89704.800000000,5.104198940,89719.000000000,0.000071100,89704.200000000,1.716752690,89725.200000000,0.005568970,89703.300000000,1.716770150,89734.000000000,0.000081100,89702.200000000,0.004462610,89735.100000000,0.000100000,89702.100000000,3.388994300,89744.700000000,0.011478030,89701.000000000,3.407536010,89744.800000000,0.019396810,89700.200000000,0.005657440,89745.400000000,0.234924000,89699.900000000,0.337500000,89748.900000000,5.571104370,89696.400000000,1.716902790,89750.200000000,0.005568970,89696.300000000,0.337500000
2024-11-12T06:50:46.309726Z,89704.900000000,0.002000000,89704.800000000,5.104198940,89719.000000000,0.000071100,89704.200000000,1.716752690,89725.200000000,0.005568970,89703.300000000,1.716770150,89734.000000000,0.000081100,89702.200000000,0.004462610,89735.100000000,0.000100000,89702.100000000,3.388994300,89744.700000000,0.011478030,89701.000000000,3.407536010,89744.800000000,0.019396810,89700.200000000,0.005657440,89745.400000000,0.234924000,89699.900000000,0.337500000,89748.900000000,5.571104370,89696.400000000,1.716902790,89749.900000000,2.785518520,89696.300000000,0.337500000
2024-11-12T06:50:46.348833Z,89704.900000000,0.002000000,89704.800000000,5.104198940,89719.000000000,0.000071100,89704.200000000,1.716752690,89725.200000000,0.005568970,89703.300000000,1.716770150,89734.000000000,0.000081100,89702.200000000,0.004462610,89735.100000000,0.000100000,89702.100000000,3.388994300,89744.700000000,0.011478030,89701.000000000,3.407536010,89744.800000000,0.019396810,89700.200000000,0.005657440,89745.400000000,0.234924000,89699.900000000,0.337500000,89748.900000000,5.571104370,89696.400000000,1.716902790,89750.200000000,0.005568970,89696.300000000,0.337500000
2024-11-12T06:50:46.356368Z,89704.900000000,0.002000000,89704.800000000,5.104198940,89719.000000000,0.000071100,89704.200000000,1.716752690,89725.200000000,0.005568970,89703.300000000,1.716770150,89730.100000000,0.000100000,89702.200000000,0.004462610,89734.000000000,0.000081100,89702.100000000,3.388994300,89744.700000000,0.011478030,89701.000000000,3.407536010,89744.800000000,0.019396810,89700.200000000,0.005657440,89745.400000000,0.234924000,89699.900000000,0.337500000,89748.900000000,5.571104370,89696.400000000,1.716902790,89750.200000000,0.005568970,89696.300000000,0.337500000
2024-11-12T06:50:46.375077Z,89704.900000000,0.002000000,89704.800000000,5.104198940,89719.000000000,0.000071100,89704.200000000,1.716752690,89725.200000000,0.005568970,89703.300000000,1.716770150,89730.100000000,0.000100000,89702.200000000,0.004462610,89734.000000000,0.000081100,89702.100000000,3.388994300,89744.700000000,0.011478030,89701.000000000,3.407536010,89744.800000000,0.019396810,89700.200000000,0.005657440,89745.400000000,0.234924000,89699.900000000,0.337500000,89750.200000000,0.005568970,89696.400000000,1.716902790,89751.200000000,0.022229910,89696.300000000,0.337500000
2024-11-12T06:50:46.477448Z,89704.900000000,0.002000000,89704.800000000,5.104198940,89719.000000000,0.000071100,89704.200000000,1.716752690,89725.200000000,0.005568970,89703.300000000,1.716770150,89730.100000000,0.000100000,89702.200000000,0.004462610,89734.000000000,0.000081100,89702.100000000,3.388994300,89744.700000000,0.011478030,89701.000000000,3.407536010,89744.800000000,0.019396810,89700.200000000,0.005657440,89745.400000000,0.234924000,89699.900000000,0.337500000,89750.200000000,0.005568970,89696.400000000,1.716902790,89754.000000000,5.570787880,89696.300000000,0.337500000
2024-11-12T06:50:46.521731Z,89704.900000000,0.002000000,89704.800000000,5.104198940,89719.000000000,0.000071100,89704.200000000,1.716752690,89725.200000000,0.005568970,89703.300000000,1.716770150,89730.100000000,0.000100000,89702.200000000,0.004462610,89734.000000000,0.000081100,89702.100000000,3.388994300,89744.700000000,0.011478030,89701.000000000,3.407536010,89744.800000000,0.019396810,89700.200000000,0.005657440,89745.400000000,0.234924000,89699.900000000,0.337500000,89750.200000000,0.005568970,89696.400000000,1.716902790,89755.000000000,2.785360660,89696.300000000,0.337500000
2024-11-12T06:50:46.530471Z,89704.900000000,0.002000000,89704.800000000,5.104198940,89719.000000000,0.000071100,89704.200000000,1.716752690,89725.200000000,0.005568970,89703.300000000,1.716770150,89730.100000000,0.000100000,89702.200000000,0.004462610,89734.000000000,0.000081100,89702.100000000,3.388994300,89744.700000000,0.011478030,89701.000000000,3.407536010,89744.800000000,0.019396810,89700.200000000,0.005657440,89745.400000000,0.234924000,89699.900000000,0.337500000,89750.200000000,0.005568970,89696.400000000,1.716902790,89761.900000000,0.278702000,89696.300000000,0.337500000
2024-11-12T06:50:46.531702Z,89719.000000000,0.000071100,89704.800000000,5.104198940,89725.200000000,0.005568970,89704.200000000,1.716752690,89730.100000000,0.000100000,89703.300000000,1.716770150,89734.000000000,0.000081100,89702.200000000,0.004462610,89744.700000000,0.011478030,89702.100000000,3.388994300,89744.800000000,0.019396810,89701.000000000,3.407536010,89745.400000000,0.234924000,89700.200000000,0.005657440,89750.200000000,0.005568970,89699.900000000,0.337500000,89761.900000000,0.278702000,89696.400000000,1.716902790,89763.000000000,0.000091100,89696.300000000,0.337500000
2024-11-12T06:50:46.535062Z,89719.000000000,0.000071100,89704.800000000,5.104198940,89725.200000000,0.005568970,89704.200000000,1.716752690,89734.000000000,0.000081100,89703.300000000,1.716770150,89735.100000000,0.000100000,89702.200000000,0.004462610,89744.700000000,0.011478030,89702.100000000,3.388994300,89744.800000000,0.019396810,89701.000000000,3.407536010,89745.400000000,0.234924000,89700.200000000,0.005657440,89750.200000000,0.005568970,89699.900000000,0.337500000,89761.900000000,0.278702000,89696.400000000,1.716902790,89763.000000000,0.000091100,89696.300000000,0.337500000
2024-11-12T06:50:46.535157Z,89719.000000000,0.000071100,89704.800000000,5.104198940,89725.200000000,0.005568970,89704.200000000,1.716752690,89734.000000000,0.000081100,89703.300000000,1.716770150,89735.100000000,0.000100000,89702.200000000,0.004462610,89744.700000000,0.011478030,89702.100000000,3.388994300,89744.800000000,0.019396810,89701.000000000,3.407536010,89750.200000000,0.005568970,89700.200000000,0.005657440,89761.900000000,0.278702000,89699.900000000,0.337500000,89763.000000000,0.000091100,89696.400000000,1.716902790,89763.600000000,0.022300740,89696.300000000,0.337500000
2024-11-12T06:50:46.539425Z,89719.000000000,0.000071100,89704.900000000,0.044547490,89725.200000000,0.005568970,89704.800000000,5.104198940,89734.000000000,0.000081100,89704.200000000,1.716752690,89735.100000000,0.000100000,89703.300000000,1.716770150,89744.700000000,0.011478030,89702.200000000,0.004462610,89744.800000000,0.019396810,89702.100000000,3.388994300,89750.200000000,0.005568970,89701.000000000,3.407536010,89761.900000000,0.278702000,89700.200000000,0.005657440,89763.000000000,0.000091100,89699.900000000,0.337500000,89763.600000000,0.022300740,89696.400000000,1.716902790
2024-11-12T06:50:46.539839Z,89719.000000000,0.000071100,89704.900000000,0.294547490,89725.200000000,0.005568970,89704.800000000,5.104198940,89734.000000000,0.000081100,89704.200000000,1.716752690,89735.100000000,0.000100000,89703.300000000,1.716770150,89744.700000000,0.011478030,89702.200000000,0.004462610,89744.800000000,0.019396810,89702.100000000,3.388994300,89750.200000000,0.005568970,89701.000000000,3.407536010,89761.900000000,0.278702000,89700.200000000,0.005657440,89763.000000000,0.000091100,89699.900000000,0.337500000,89763.600000000,0.022300740,89696.400000000,1.716902790
2024-11-12T06:50:46.540111Z,89719.000000000,0.000071100,89704.900000000,0.294547490,89725.200000000,0.005568970,89704.800000000,4.624198940,89734.000000000,0.000081100,89704.200000000,1.716752690,89735.100000000,0.000100000,89703.300000000,1.716770150,89744.700000000,0.011478030,89702.200000000,0.004462610,89744.800000000,0.019396810,89702.100000000,3.388994300,89750.200000000,0.005568970,89701.000000000,3.407536010,89761.900000000,0.278702000,89700.200000000,0.005657440,89763.000000000,0.000091100,89699.900000000,0.337500000,89763.600000000,0.022300740,89696.400000000,1.716902790
2024-11-12T06:50:46.540175Z,89719.000000000,0.000071100,89709.200000000,0.337500000,89725.200000000,0.005568970,89704.900000000,0.294547490,89734.000000000,0.000081100,89704.800000000,4.624198940,89735.100000000,0.000100000,89704.200000000,1.716752690,89744.700000000,0.011478030,89703.300000000,1.716770150,89744.800000000,0.019396810,89702.200000000,0.004462610,89750.200000000,0.005568970,89702.100000000,3.388994300,89761.900000000,0.278702000,89701.000000000,3.407536010,89763.000000000,0.000091100,89700.200000000,0.005657440,89763.600000000,0.022300740,89699.900000000,0.337500000
2024-11-12T06:50:46.540206Z,89719.000000000,0.000071100,89709.200000000,0.337500000,89725.200000000,0.005568970,89704.900000000,0.294547490,89734.000000000,0.000081100,89704.800000000,4.624198940,89735.100000000,0.000100000,89704.200000000,1.716752690,89744.700000000,0.011478030,89703.300000000,1.716770150,89744.800000000,0.019396810,89702.200000000,0.004462610,89750.200000000,0.005568970,89702.100000000,3.388994300,89761.900000000,0.278702000,89701.000000000,3.407536010,89763.000000000,0.000091100,89700.200000000,0.005657440,89763.600000000,0.022300740,89696.400000000,1.716902790
2024-11-12T06:50:46.540317Z,89719.000000000,0.000071100,89713.700000000,0.337500000,89725.200000000,0.005568970,89709.200000000,0.337500000,89734.000000000,0.000081100,89704.900000000,0.294547490,89735.100000000,0.000100000,89704.800000000,4.624198940,89744.700000000,0.011478030,89704.200000000,1.716752690,89744.800000000,0.019396810,89703.300000000,1.716770150,89750.200000000,0.005568970,89702.200000000,0.004462610,89761.900000000,0.278702000,89702.100000000,3.388994300,89763.000000000,0.000091100,89701.000000000,3.407536010,89763.600000000,0.022300740,89700.200000000,0.005657440
2024-11-12T06:50:46.540502Z,89719.000000000,0.000071100,89713.700000000,0.337500000,89725.200000000,0.005568970,89709.200000000,0.337500000,89734.000000000,0.000081100,89706.300000000,0.480000000,89735.100000000,0.000100000,89704.900000000,0.294547490,89744.700000000,0.011478030,89704.800000000,4.624198940,89744.800000000,0.019396810,89704.200000000,1.716752690,89750.200000000,0.005568970,89703.300000000,1.716770150,89761.900000000,0.278702000,89702.200000000,0.004462610,89763.000000000,0.000091100,89702.100000000,3.388994300,89763.600000000,0.022300740,89701.000000000,3.407536010
2024-11-12T06:50:46.540529Z,89719.000000000,0.000071100,89713.700000000,0.337500000,89725.200000000,0.005568970,89709.200000000,0.337500000,89734.000000000,0.000081100,89706.300000000,0.480000000,89735.100000000,0.000100000,89704.900000000,0.294547490,89744.700000000,0.011478030,89704.800000000,4.430517560,89744.800000000,0.019396810,89704.200000000,1.716752690,89750.200000000,0.005568970,89703.300000000,1.716770150,89761.900000000,0.278702000,89702.200000000,0.004462610,89763.000000000,0.000091100,89702.100000000,3.388994300,89763.600000000,0.022300740,89701.000000000,3.407536010
2024-11-12T06:50:46.540544Z,89719.000000000,0.000071100,89718.900000000,0.193650940,89725.200000000,0.005568970,89713.700000000,0.337500000,89734.000000000,0.000081100,89709.200000000,0.337500000,89735.100000000,0.000100000,89706.300000000,0.480000000,89744.700000000,0.011478030,89704.900000000,0.294547490,89744.800000000,0.019396810,89704.800000000,4.430517560,89750.200000000,0.005568970,89704.200000000,1.716752690,89761.900000000,0.278702000,89703.300000000,1.716770150,89763.000000000,0.000091100,89702.200000000,0.004462610,89763.600000000,0.022300740,89702.100000000,3.388994300
2024-11-12T06:50:46.541054Z,89719.000000000,0.000071100,89718.900000000,0.193650940,89725.200000000,0.005568970,89713.700000000,0.337500000,89734.000000000,0.000081100,89709.200000000,0.337500000,89735.100000000,0.000100000,89706.300000000,0.480000000,89744.700000000,0.011478030,89704.900000000,0.694547490,89744.800000000,0.019396810,89704.800000000,4.430517560,89750.200000000,0.005568970,89704.200000000,1.716752690,89761.900000000,0.278702000,89703.300000000,1.716770150,89763.000000000,0.000091100,89702.200000000,0.004462610,89763.600000000,0.022300740,89702.100000000,3.388994300
2024-11-12T06:50:46.544209Z,89719.000000000,0.000071100,89718.900000000,0.193650940,89725.200000000,0.005568970,89713.700000000,0.337500000,89734.000000000,0.000081100,89709.200000000,0.337500000,89735.100000000,0.000100000,89706.300000000,0.480000000,89744.700000000,0.011478030,89704.900000000,0.827550290,89744.800000000,0.019396810,89704.800000000,4.430517560,89750.200000000,0.005568970,89704.200000000,1.716752690,89761.900000000,0.278702000,89703.300000000,1.716770150,89763.000000000,0.000091100,89702.200000000,0.004462610,89763.600000000,0.022300740,89702.100000000,3.388994300
2024-11-12T06:50:46.545392Z,89719.000000000,0.000071100,89718.900000000,0.215942780,89725.200000000,0.005568970,89713.700000000,0.337500000,89734.000000000,0.000081100,89709.200000000,0.337500000,89735.100000000,0.000100000,89706.300000000,0.480000000,89744.700000000,0.011478030,89704.900000000,0.827550290,89744.800000000,0.019396810,89704.800000000,4.408222210,89750.200000000,0.005568970,89704.200000000,1.716752690,89761.900000000,0.278702000,89703.300000000,1.716770150,89763.000000000,0.000091100,89702.200000000,0.004462610,89763.600000000,0.022300740,89702.100000000,3.388994300
2024-11-12T06:50:46.545843Z,89719.000000000,0.000071100,89718.900000000,1.998584890,89725.200000000,0.005568970,89713.700000000,0.337500000,89734.000000000,0.000081100,89709.200000000,0.337500000,89735.100000000,0.000100000,89706.300000000,0.480000000,89744.700000000,0.011478030,89704.900000000,0.827550290,89744.800000000,0.019396810,89704.800000000,4.408222210,89750.200000000,0.005568970,89704.200000000,1.716752690,89761.900000000,0.278702000,89703.300000000,1.716770150,89763.000000000,0.000091100,89702.200000000,0.004462610,89763.600000000,0.022300740,89702.100000000,3.388994300
2024-11-12T06:50:46.546649Z,89719.000000000,0.000071100,89718.900000000,1.998584890,89725.200000000,0.005568970,89713.700000000,0.337500000,89734.000000000,0.000081100,89709.200000000,0.337500000,89735.100000000,0.000100000,89706.300000000,0.480000000,89744.700000000,0.011478030,89704.900000000,0.827550290,89744.800000000,0.019396810,89704.800000000,2.625139520,89750.200000000,0.005568970,89704.200000000,1.716752690,89761.900000000,0.278702000,89703.300000000,1.716770150,89763.000000000,0.000091100,89702.200000000,0.004462610,89763.600000000,0.022300740,89702.100000000,3.388994300
2024-11-12T06:50:46.546894Z,89719.000000000,0.000071100,89718.900000000,1.998584890,89725.200000000,0.005568970,89713.700000000,0.337500000,89734.000000000,0.000081100,89709.200000000,0.337500000,89735.100000000,0.000100000,89706.300000000,0.480000000,89744.700000000,0.011478030,89704.900000000,0.827550290,89744.800000000,0.019396810,89704.800000000,2.625139520,89750.200000000,0.005568970,89703.300000000,1.716770150,89761.900000000,0.278702000,89702.200000000,0.004462610,89763.000000000,0.000091100,89702.100000000,3.388994300,89763.600000000,0.022300740,89701.000000000,3.407536010
2024-11-12T06:50:46.546917Z,89719.000000000,0.000071100,89718.900000000,1.998584890,89725.200000000,0.005568970,89713.700000000,0.337500000,89734.000000000,0.000081100,89709.200000000,0.337500000,89735.100000000,0.000100000,89706.300000000,0.480000000,89744.700000000,0.011478030,89704.900000000,0.827550290,89744.800000000,0.019396810,89704.800000000,2.625139520,89750.200000000,0.005568970,89703.300000000,1.716770150,89761.900000000,0.278702000,89702.200000000,0.004462610,89763.000000000,0.000091100,89701.000000000,3.407536010,89763.600000000,0.022300740,89700.200000000,0.005657440
2024-11-12T06:50:46.546976Z,89719.000000000,0.000071100,89718.900000000,1.998584890,89725.200000000,0.005568970,89713.700000000,0.337500000,89734.000000000,0.000081100,89709.200000000,0.337500000,89735.100000000,0.000100000,89706.300000000,0.480000000,89744.700000000,0.011478030,89704.900000000,0.827550290,89744.800000000,0.019396810,89704.800000000,2.625139520,89750.200000000,0.005568970,89703.300000000,1.716770150,89761.900000000,0.278702000,89702.200000000,0.004462610,89763.000000000,0.000091100,89701.000000000,0.018502130,89763.600000000,0.022300740,89700.200000000,0.005657440
2024-11-12T06:50:46.547245Z,89719.000000000,0.000071100,89718.900000000,1.998584890,89725.200000000,0.005568970,89713.700000000,0.675000000,89734.000000000,0.000081100,89709.200000000,0.337500000,89735.100000000,0.000100000,89706.300000000,0.480000000,89744.700000000,0.011478030,89704.900000000,0.827550290,89744.800000000,0.019396810,89704.800000000,2.625139520,89750.200000000,0.005568970,89703.300000000,1.716770150,89761.900000000,0.278702000,89702.200000000,0.004462610,89763.000000000,0.000091100,89701.000000000,0.018502130,89763.600000000,0.022300740,89700.200000000,0.005657440
2024-11-12T06:50:46.547393Z,89719.000000000,0.000071100,89718.900000000,1.998584890,89725.200000000,0.005568970,89713.700000000,0.675000000,89734.000000000,0.000081100,89706.300000000,0.480000000,89735.100000000,0.000100000,89704.900000000,0.827550290,89744.700000000,0.011478030,89704.800000000,2.625139520,89744.800000000,0.019396810,89703.300000000,1.716770150,89750.200000000,0.005568970,89702.200000000,0.004462610,89761.900000000,0.278702000,89701.000000000,0.018502130,89763.000000000,0.000091100,89700.200000000,0.005657440,89763.600000000,0.022300740,89696.400000000,1.716902790
2024-11-12T06:50:46.547401Z,89719.000000000,0.000071100,89718.900000000,1.998584890,89725.200000000,0.005568970,89713.700000000,0.675000000,89734.000000000,0.000081100,89704.900000000,0.827550290,89735.100000000,0.000100000,89704.800000000,2.625139520,89744.700000000,0.011478030,89703.300000000,1.716770150,89744.800000000,0.019396810,89702.200000000,0.004462610,89750.200000000,0.005568970,89701.000000000,0.018502130,89761.900000000,0.278702000,89700.200000000,0.005657440,89763.000000000,0.000091100,89696.400000000,1.716902790,89763.600000000,0.022300740,89696.300000000,0.337500000
2024-11-12T06:50:46.547418Z,89719.000000000,0.000071100,89718.900000000,1.998584890,89725.200000000,0.005568970,89715.200000000,0.480000000,89734.000000000,0.000081100,89713.700000000,0.675000000,89735.100000000,0.000100000,89704.900000000,0.827550290,89744.700000000,0.011478030,89704.800000000,2.625139520,89744.800000000,0.019396810,89703.300000000,1.716770150,89750.200000000,0.005568970,89702.200000000,0.004462610,89761.900000000,0.278702000,89701.000000000,0.018502130,89763.000000000,0.000091100,89700.200000000,0.005657440,89763.600000000,0.022300740,89696.400000000,1.716902790
2024-11-12T06:50:46.547541Z,89719.000000000,0.000071100,89718.900000000,1.998584890,89725.200000000,0.005568970,89715.200000000,0.480000000,89734.000000000,0.000081100,89713.700000000,0.675000000,89735.100000000,0.000100000,89704.900000000,0.827550290,89744.700000000,0.011478030,89704.800000000,2.287639520,89744.800000000,0.019396810,89703.300000000,1.716770150,89750.200000000,0.005568970,89702.200000000,0.004462610,89761.900000000,0.278702000,89701.000000000,0.018502130,89763.000000000,0.000091100,89700.200000000,0.005657440,89763.600000000,0.022300740,89696.400000000,1.716902790
2024-11-12T06:50:46.548114Z,89719.000000000,0.000071100,89718.900000000,1.998818590,89725.200000000,0.005568970,89715.200000000,0.480000000,89734.000000000,0.000081100,89713.700000000,0.675000000,89735.100000000,0.000100000,89704.900000000,0.827550290,89744.700000000,0.011478030,89704.800000000,2.287405820,89744.800000000,0.019396810,89703.300000000,1.716770150,89750.200000000,0.005568970,89702.200000000,0.004462610,89761.900000000,0.278702000,89701.000000000,0.018502130,89763.000000000,0.000091100,89700.200000000,0.005657440,89763.600000000,0.022300740,89696.400000000,1.716902790
2024-11-12T06:50:46.548355Z,89719.000000000,0.000071100,89718.900000000,1.998818590,89725.200000000,0.005568970,89715.200000000,0.480000000,89734.000000000,0.000081100,89713.700000000,0.675000000,89735.100000000,0.000100000,89704.900000000,0.827550290,89744.700000000,0.011478030,89704.800000000,0.570663800,89744.800000000,0.019396810,89703.300000000,1.716770150,89750.200000000,0.005568970,89702.200000000,0.004462610,89761.900000000,0.278702000,89701.000000000,0.018502130,89763.000000000,0.000091100,89700.200000000,0.005657440,89763.600000000,0.022300740,89696.400000000,1.716902790
2024-11-12T06:50:46.550452Z,89719.000000000,0.000071100,89718.900000000,1.998818590,89725.200000000,0.005568970,89715.200000000,0.480000000,89734.000000000,0.000081100,89713.700000000,0.337500000,89735.100000000,0.000100000,89704.900000000,0.827550290,89744.700000000,0.011478030,89704.800000000,0.570663800,89744.800000000,0.019396810,89703.300000000,1.716770150,89750.200000000,0.005568970,89702.200000000,0.004462610,89761.900000000,0.278702000,89701.000000000,0.018502130,89763.000000000,0.000091100,89700.200000000,0.005657440,89763.600000000,0.022300740,89696.400000000,1.716902790
2024-11-12T06:50:46.550564Z,89719.000000000,0.000071100,89718.900000000,2.336318590,89725.200000000,0.005568970,89715.200000000,0.480000000,89734.000000000,0.000081100,89713.700000000,0.337500000,89735.100000000,0.000100000,89704.900000000,0.827550290,89744.700000000,0.011478030,89704.800000000,0.570663800,89744.800000000,0.019396810,89703.300000000,1.716770150,89750.200000000,0.005568970,89702.200000000,0.004462610,89761.900000000,0.278702000,89701.000000000,0.018502130,89763.000000000,0.000091100,89700.200000000,0.005657440,89763.600000000,0.022300740,89696.400000000,1.716902790
2024-11-12T06:50:46.554018Z,89719.000000000,0.000071100,89718.900000000,2.336318590,89725.200000000,0.005568970,89715.200000000,0.480000000,89734.000000000,0.000081100,89713.700000000,0.337500000,89735.100000000,0.000100000,89704.900000000,0.927550290,89744.700000000,0.011478030,89704.800000000,0.570663800,89744.800000000,0.019396810,89703.300000000,1.716770150,89750.200000000,0.005568970,89702.200000000,0.004462610,89761.900000000,0.278702000,89701.000000000,0.018502130,89763.000000000,0.000091100,89700.200000000,0.005657440,89763.600000000,0.022300740,89696.400000000,1.716902790
2024-11-12T06:50:46.554381Z,89719.000000000,0.000071100,89718.900000000,2.336318590,89725.200000000,0.005568970,89715.200000000,0.480000000,89734.000000000,0.000081100,89713.700000000,0.337500000,89735.100000000,0.000100000,89704.900000000,0.927550290,89744.700000000,0.011478030,89704.800000000,0.570663800,89744.800000000,0.019396810,89703.300000000,1.716770150,89750.200000000,0.005568970,89701.000000000,0.018502130,89761.900000000,0.278702000,89700.200000000,0.005657440,89763.000000000,0.000091100,89696.400000000,1.716902790,89763.600000000,0.022300740,89696.300000000,0.337500000
2024-11-12T06:50:46.557300Z,89719.000000000,0.000071100,89718.900000000,2.336318590,89725.200000000,0.005568970,89715.200000000,0.480000000,89734.000000000,0.000081100,89713.700000000,0.337500000,89735.100000000,0.000100000,89704.900000000,0.927550290,89744.700000000,0.011478030,89704.800000000,0.570663800,89744.800000000,0.019396810,89703.300000000,1.716770150,89761.900000000,0.278702000,89701.000000000,0.018502130,89763.000000000,0.000091100,89700.200000000,0.005657440,89763.600000000,0.022300740,89696.400000000,1.716902790,89772.700000000,0.226366550,89696.300000000,0.337500000
2024-11-12T06:50:46.557516Z,89719.000000000,0.000071100,89718.900000000,2.336318590,89734.000000000,0.000081100,89715.200000000,0.480000000,89735.100000000,0.000100000,89713.700000000,0.337500000,89744.700000000,0.011478030,89704.900000000,0.927550290,89744.800000000,0.019396810,89704.800000000,0.570663800,89761.900000000,0.278702000,89703.300000000,1.716770150,89763.000000000,0.000091100,89701.000000000,0.018502130,89763.600000000,0.022300740,89700.200000000,0.005657440,89772.700000000,0.226366550,89696.400000000,1.716902790,89772.800000000,0.337500000,89696.300000000,0.337500000
2024-11-12T06:50:46.564512Z,89719.000000000,0.000071100,89718.900000000,2.374118590,89734.000000000,0.000081100,89715.200000000,0.480000000,89735.100000000,0.000100000,89713.700000000,0.337500000,89744.700000000,0.011478030,89704.900000000,0.927550290,89744.800000000,0.019396810,89704.800000000,0.570663800,89761.900000000,0.278702000,89703.300000000,1.716770150,89763.000000000,0.000091100,89701.000000000,0.018502130,89763.600000000,0.022300740,89700.200000000,0.005657440,89772.700000000,0.226366550,89696.400000000,1.716902790,89772.800000000,0.337500000,89696.300000000,0.337500000
2024-11-12T06:50:46.566352Z,89719.000000000,0.000071100,89718.900000000,2.374118590,89734.000000000,0.000081100,89715.200000000,0.480000000,89735.100000000,0.000100000,89713.700000000,0.337500000,89744.700000000,0.011478030,89704.900000000,0.927550290,89744.800000000,0.019396810,89704.800000000,0.532863800,89761.900000000,0.278702000,89703.300000000,1.716770150,89763.000000000,0.000091100,89701.000000000,0.018502130,89763.600000000,0.022300740,89700.200000000,0.005657440,89772.700000000,0.226366550,89696.400000000,1.716902790,89772.800000000,0.337500000,89696.300000000,0.337500000
2024-11-12T06:50:46.567871Z,89719.000000000,0.000071100,89718.900000000,2.374118590,89734.000000000,0.000081100,89715.200000000,0.480000000,89735.100000000,0.000100000,89713.700000000,0.337500000,89744.700000000,0.011478030,89704.900000000,0.927550290,89744.800000000,0.019396810,89704.800000000,0.532863800,89761.900000000,0.278702000,89703.300000000,1.716770150,89763.000000000,0.000091100,89701.000000000,0.018502130,89763.600000000,0.022300740,89700.200000000,0.005657440,89764.900000000,0.005568970,89696.400000000,1.716902790,89772.700000000,0.226366550,89696.300000000,0.337500000
2024-11-12T06:50:46.568395Z,89719.000000000,0.000071100,89718.900000000,2.374118590,89734.000000000,0.000081100,89715.200000000,0.480000000,89735.100000000,0.000100000,89713.700000000,0.337500000,89740.500000000,0.005568970,89704.900000000,0.927550290,89744.700000000,0.011478030,89704.800000000,0.532863800,89744.800000000,0.019396810,89703.300000000,1.716770150,89761.900000000,0.278702000,89701.000000000,0.018502130,89763.000000000,0.000091100,89700.200000000,0.005657440,89763.600000000,0.022300740,89696.400000000,1.716902790,89764.900000000,0.005568970,89696.300000000,0.337500000
2024-11-12T06:50:46.571761Z,89719.000000000,0.000071100,89718.900000000,2.374118590,89734.000000000,0.000081100,89715.200000000,0.480000000,89735.100000000,0.000100000,89713.700000000,0.337500000,89740.500000000,0.005568970,89704.900000000,0.927550290,89744.700000000,0.011478030,89704.800000000,0.488316310,89744.800000000,0.019396810,89703.300000000,1.716770150,89761.900000000,0.278702000,89701.000000000,0.018502130,89763.000000000,0.000091100,89700.200000000,0.005657440,89763.600000000,0.022300740,89696.400000000,1.716902790,89764.900000000,0.005568970,89696.300000000,0.337500000
2024-11-12T06:50:46.571946Z,89719.000000000,0.000071100,89718.900000000,2.418666080,89734.000000000,0.000081100,89715.200000000,0.480000000,89735.100000000,0.000100000,89713.700000000,0.337500000,89740.500000000,0.005568970,89704.900000000,0.927550290,89744.700000000,0.011478030,89704.800000000,0.488316310,89744.800000000,0.019396810,89703.300000000,1.716770150,89761.900000000,0.278702000,89701.000000000,0.018502130,89763.000000000,0.000091100,89700.200000000,0.005657440,89763.600000000,0.022300740,89696.400000000,1.716902790,89764.900000000,0.005568970,89696.300000000,0.337500000
2024-11-12T06:50:46.572066Z,89719.000000000,0.000071100,89718.900000000,2.418666080,89734.000000000,0.000081100,89715.200000000,0.480000000,89735.100000000,0.000100000,89713.700000000,0.337500000,89740.500000000,0.005568970,89704.900000000,0.927550290,89744.700000000,0.011478030,89704.800000000,0.238316310,89744.800000000,0.019396810,89703.300000000,1.716770150,89761.900000000,0.278702000,89701.000000000,0.018502130,89763.000000000,0.000091100,89700.200000000,0.005657440,89763.600000000,0.022300740,89696.400000000,1.716902790,89764.900000000,0.005568970,89696.300000000,0.337500000
2024-11-12T06:50:46.573168Z,89719.000000000,0.000071100,89718.900000000,4.135138300,89734.000000000,0.000081100,89715.200000000,0.480000000,89735.100000000,0.000100000,89713.700000000,0.337500000,89740.500000000,0.005568970,89704.900000000,0.927550290,89744.700000000,0.011478030,89704.800000000,0.238316310,89744.800000000,0.019396810,89703.300000000,1.716770150,89761.900000000,0.278702000,89701.000000000,0.018502130,89763.000000000,0.000091100,89700.200000000,0.005657440,89763.600000000,0.022300740,89696.400000000,1.716902790,89764.900000000,0.005568970,89696.300000000,0.337500000
2024-11-12T06:50:46.573286Z,89719.000000000,0.000071100,89718.900000000,4.135138300,89734.000000000,0.000081100,89718.300000000,1.716482330,89735.100000000,0.000100000,89715.200000000,0.480000000,89740.500000000,0.005568970,89713.700000000,0.337500000,89744.700000000,0.011478030,89704.900000000,0.927550290,89744.800000000,0.019396810,89704.800000000,0.238316310,89761.900000000,0.278702000,89703.300000000,1.716770150,89763.000000000,0.000091100,89701.000000000,0.018502130,89763.600000000,0.022300740,89700.200000000,0.005657440,89764.900000000,0.005568970,89696.400000000,1.716902790
2024-11-12T06:50:46.573529Z,89719.000000000,0.000071100,89718.900000000,4.135138300,89734.000000000,0.000081100,89718.300000000,1.716482330,89735.100000000,0.000100000,89717.400000000,1.716499010,89740.500000000,0.005568970,89715.200000000,0.480000000,89744.700000000,0.011478030,89713.700000000,0.337500000,89744.800000000,0.019396810,89704.900000000,0.927550290,89761.900000000,0.278702000,89704.800000000,0.238316310,89763.000000000,0.000091100,89703.300000000,1.716770150,89763.600000000,0.022300740,89701.000000000,0.018502130,89764.900000000,0.005568970,89700.200000000,0.005657440
2024-11-12T06:50:46.573670Z,89719.000000000,0.000071100,89718.900000000,4.135138300,89734.000000000,0.000081100,89718.300000000,1.716482330,89735.100000000,0.000100000,89717.400000000,1.716499010,89740.500000000,0.005568970,89716.300000000,3.388457300,89744.700000000,0.011478030,89715.200000000,0.480000000,89744.800000000,0.019396810,89713.700000000,0.337500000,89761.900000000,0.278702000,89704.900000000,0.927550290,89763.000000000,0.000091100,89704.800000000,0.238316310,89763.600000000,0.022300740,89703.300000000,1.716770150,89764.900000000,0.005568970,89701.000000000,0.018502130
2024-11-12T06:50:46.573718Z,89719.000000000,0.000071100,89718.900000000,4.135138300,89734.000000000,0.000081100,89718.300000000,1.716482330,89735.100000000,0.000100000,89717.400000000,1.716499010,89740.500000000,0.005568970,89716.300000000,3.388457300,89744.700000000,0.011478030,89715.300000000,3.388495630,89744.800000000,0.019396810,89715.200000000,0.480000000,89761.900000000,0.278702000,89713.700000000,0.337500000,89763.000000000,0.000091100,89704.900000000,0.927550290,89763.600000000,0.022300740,89704.800000000,0.238316310,89764.900000000,0.005568970,89703.300000000,1.716770150
2024-11-12T06:50:46.573929Z,89719.000000000,0.000071100,89718.900000000,4.135138300,89734.000000000,0.000081100,89718.300000000,1.716482330,89735.100000000,0.000100000,89717.400000000,1.716499010,89740.500000000,0.005568970,89716.300000000,3.388457300,89744.700000000,0.011478030,89715.300000000,3.388495630,89744.800000000,0.019396810,89715.200000000,0.480000000,89761.900000000,0.278702000,89713.700000000,0.337500000,89763.000000000,0.000091100,89712.100000000,3.388617250,89763.600000000,0.022300740,89704.900000000,0.927550290,89764.900000000,0.005568970,89704.800000000,0.238316310
2024-11-12T06:50:46.577385Z,89719.000000000,0.000071100,89718.900000000,4.135138300,89734.000000000,0.000081100,89718.300000000,1.716482330,89735.100000000,0.000100000,89717.400000000,1.716499010,89740.500000000,0.005568970,89716.300000000,3.388457300,89744.700000000,0.011478030,89715.300000000,3.388495630,89744.800000000,0.019396810,89715.200000000,0.480000000,89761.900000000,0.278702000,89713.700000000,0.337500000,89763.000000000,0.000091100,89712.100000000,3.388617250,89763.600000000,0.022300740,89704.900000000,0.794547490,89764.900000000,0.005568970,89704.800000000,0.238316310
2024-11-12T06:50:46.577520Z,89719.000000000,0.000071100,89718.900000000,4.135138300,89734.000000000,0.000081100,89718.300000000,1.716482330,89735.100000000,0.000100000,89717.400000000,1.716499010,89740.500000000,0.005568970,89716.300000000,3.388457300,89744.700000000,0.011478030,89715.300000000,3.388495630,89744.800000000,0.019396810,89715.200000000,0.480000000,89761.900000000,0.278702000,89713.700000000,0.337500000,89763.000000000,0.000091100,89712.100000000,3.388617250,89763.600000000,0.022300740,89704.900000000,0.694547490,89764.900000000,0.005568970,89704.800000000,0.238316310
2024-11-12T06:50:46.577562Z,89719.000000000,0.000071100,89718.900000000,4.235138300,89734.000000000,0.000081100,89718.300000000,1.716482330,89735.100000000,0.000100000,89717.400000000,1.716499010,89740.500000000,0.005568970,89716.300000000,3.388457300,89744.700000000,0.011478030,89715.300000000,3.388495630,89744.800000000,0.019396810,89715.200000000,0.480000000,89761.900000000,0.278702000,89713.700000000,0.337500000,89763.000000000,0.000091100,89712.100000000,3.388617250,89763.600000000,0.022300740,89704.900000000,0.694547490,89764.900000000,0.005568970,89704.800000000,0.238316310
2024-11-12T06:50:46.577725Z,89719.000000000,0.000071100,89718.900000000,4.235138300,89734.000000000,0.000081100,89718.300000000,1.716482330,89735.100000000,0.000100000,89717.400000000,1.716499010,89740.500000000,0.005568970,89716.300000000,3.388457300,89744.700000000,0.011478030,89715.300000000,3.388495630,89744.800000000,0.019396810,89715.200000000,0.480000000,89752.000000000,0.037800000,89713.700000000,0.337500000,89761.900000000,0.278702000,89712.100000000,3.388617250,89763.000000000,0.000091100,89704.900000000,0.694547490,89763.600000000,0.022300740,89704.800000000,0.238316310
2024-11-12T06:50:46.578312Z,89719.000000000,0.000071100,89718.900000000,4.235138300,89734.000000000,0.000081100,89718.300000000,1.716482330,89735.100000000,0.000100000,89717.400000000,1.716499010,89740.500000000,0.005568970,89716.300000000,3.388457300,89744.700000000,0.011478030,89715.300000000,3.388495630,89752.000000000,0.037800000,89715.200000000,0.480000000,89761.900000000,0.278702000,89713.700000000,0.337500000,89763.000000000,0.000091100,89712.100000000,3.388617250,89763.600000000,0.022300740,89704.900000000,0.694547490,89764.900000000,0.005568970,89704.800000000,0.238316310
2024-11-12T06:50:46.578430Z,89719.000000000,0.000071100,89718.900000000,4.235138300,89734.000000000,0.000081100,89718.300000000,1.716482330,89735.100000000,0.000100000,89717.400000000,1.716499010,89740.500000000,0.005568970,89716.300000000,3.388457300,89744.700000000,0.011478030,89715.300000000,3.388495630,89752.000000000,0.037800000,89713.700000000,0.337500000,89761.900000000,0.278702000,89712.100000000,3.388617250,89763.000000000,0.000091100,89704.900000000,0.694547490,89763.600000000,0.022300740,89704.800000000,0.238316310,89764.900000000,0.005568970,89703.300000000,1.716770150
2024-11-12T06:50:46.578483Z,89719.000000000,0.000071100,89718.900000000,4.715138300,89734.000000000,0.000081100,89718.300000000,1.716482330,89735.100000000,0.000100000,89717.400000000,1.716499010,89740.500000000,0.005568970,89716.300000000,3.388457300,89744.700000000,0.011478030,89715.300000000,3.388495630,89752.000000000,0.037800000,89713.700000000,0.337500000,89761.900000000,0.278702000,89712.100000000,3.388617250,89763.000000000,0.000091100,89704.900000000,0.694547490,89763.600000000,0.022300740,89704.800000000,0.238316310,89764.900000000,0.005568970,89703.300000000,1.716770150
2024-11-12T06:50:46.594679Z,89719.000000000,0.000071100,89718.900000000,4.715138300,89734.000000000,0.000081100,89718.300000000,1.716482330,89735.100000000,0.000100000,89717.400000000,1.716499010,89740.500000000,0.005568970,89716.300000000,3.388457300,89744.700000000,0.011478030,89715.300000000,3.388495630,89761.900000000,0.278702000,89713.700000000,0.337500000,89763.000000000,0.000091100,89712.100000000,3.388617250,89763.600000000,0.022300740,89704.900000000,0.694547490,89764.900000000,0.005568970,89704.800000000,0.238316310,89772.700000000,0.226366550,89703.300000000,1.716770150
2024-11-12T06:50:46.614031Z,89719.000000000,0.000071100,89718.900000000,4.715138300,89734.000000000,0.000081100,89718.300000000,1.716482330,89735.100000000,0.000100000,89717.400000000,1.716499010,89740.500000000,0.005568970,89716.300000000,3.388457300,89751.900000000,0.011478030,89715.300000000,3.388495630,89761.900000000,0.278702000,89713.700000000,0.337500000,89763.000000000,0.000091100,89712.100000000,3.388617250,89763.600000000,0.022300740,89704.900000000,0.694547490,89764.900000000,0.005568970,89704.800000000,0.238316310,89772.700000000,0.226366550,89703.300000000,1.716770150
2024-11-12T06:50:46.616949Z,89719.000000000,0.000071100,89718.900000000,4.715138300,89734.000000000,0.000081100,89718.300000000,1.716482330,89735.100000000,0.000100000,89717.400000000,1.716499010,89740.500000000,0.005568970,89716.300000000,3.388457300,89751.900000000,0.011478030,89715.300000000,3.388495630,89761.900000000,0.278702000,89713.700000000,0.337500000,89763.000000000,0.000091100,89712.100000000,3.388617250,89763.600000000,0.022300740,89704.900000000,0.694547490,89764.900000000,0.005568970,89704.800000000,0.238316310,89772.800000000,0.337500000,89703.300000000,1.716770150
2024-11-12T06:50:46.619118Z,89719.000000000,0.000071100,89718.900000000,4.715138300,89734.000000000,0.000081100,89718.300000000,1.716482330,89735.100000000,0.000100000,89717.400000000,1.716499010,89740.500000000,0.005568970,89716.300000000,3.388457300,89751.900000000,0.011478030,89715.300000000,3.388495630,89761.900000000,0.278702000,89713.700000000,0.337500000,89763.000000000,0.000091100,89712.100000000,3.388617250,89763.600000000,0.022300740,89704.900000000,0.694547490,89764.900000000,0.005568970,89704.800000000,0.138316310,89772.800000000,0.337500000,89703.300000000,1.716770150
2024-11-12T06:50:46.619653Z,89719.000000000,0.000071100,89718.900000000,4.715138300,89734.000000000,0.000081100,89718.300000000,1.716482330,89735.100000000,0.000100000,89717.400000000,1.716499010,89740.500000000,0.005568970,89716.300000000,3.388457300,89751.900000000,0.011478030,89715.300000000,3.388495630,89761.900000000,0.278702000,89713.700000000,0.337500000,89763.000000000,0.000091100,89712.100000000,3.388617250,89763.600000000,0.022300740,89704.900000000,0.650000000,89764.900000000,0.005568970,89704.800000000,0.138316310,89772.800000000,0.337500000,89703.300000000,1.716770150
2024-11-12T06:50:46.623630Z,89719.000000000,0.000071100,89718.900000000,4.715138300,89734.000000000,0.000081100,89718.300000000,1.716482330,89735.100000000,0.000100000,89717.400000000,1.716499010,89740.500000000,0.005568970,89716.300000000,3.388457300,89751.900000000,0.011478030,89715.300000000,3.388495630,89761.900000000,0.278702000,89713.700000000,0.337500000,89763.000000000,0.000091100,89712.100000000,3.388617250,89763.600000000,0.022300740,89704.900000000,0.650000000,89764.900000000,0.005568970,89704.800000000,0.138316310,89772.600000000,0.019187090,89703.300000000,1.716770150
2024-11-12T06:50:46.629403Z,89719.000000000,0.000071100,89718.900000000,4.715138300,89734.000000000,0.000081100,89718.300000000,1.716482330,89735.100000000,0.000100000,89717.400000000,1.716499010,89740.500000000,0.005568970,89716.300000000,3.388457300,89751.900000000,0.011478030,89715.300000000,3.388495630,89761.900000000,0.278702000,89713.700000000,0.337500000,89763.000000000,0.000091100,89712.100000000,3.388617250,89763.600000000,0.022300740,89704.900000000,0.650000000,89764.900000000,0.005568970,89704.800000000,0.178225030,89772.600000000,0.019187090,89703.300000000,1.716770150
2024-11-12T06:50:46.633761Z,89719.000000000,0.000071100,89718.900000000,4.715138300,89734.000000000,0.000081100,89718.300000000,1.716482330,89735.100000000,0.000100000,89717.400000000,1.716499010,89740.500000000,0.005568970,89716.300000000,3.388457300,89751.900000000,0.011478030,89715.300000000,3.388495630,89757.800000000,0.234924000,89713.700000000,0.337500000,89761.900000000,0.278702000,89712.100000000,3.388617250,89763.000000000,0.000091100,89704.900000000,0.650000000,89763.600000000,0.022300740,89704.800000000,0.178225030,89764.900000000,0.005568970,89703.300000000,1.716770150
2024-11-12T06:50:46.640497Z,89719.000000000,0.000071100,89718.900000000,4.715138300,89734.000000000,0.000081100,89718.300000000,1.716482330,89735.100000000,0.000100000,89717.400000000,1.716499010,89740.500000000,0.005568970,89716.300000000,3.388457300,89751.900000000,0.011478030,89715.300000000,3.388495630,89761.900000000,0.278702000,89713.700000000,0.337500000,89763.000000000,0.000091100,89712.100000000,3.388617250,89763.600000000,0.022300740,89704.900000000,0.650000000,89764.900000000,0.005568970,89704.800000000,0.178225030,89772.600000000,0.019187090,89703.300000000,1.716770150
2024-11-12T06:50:46.644254Z,89719.000000000,0.000071100,89718.900000000,4.715138300,89734.000000000,0.000081100,89718.300000000,1.716482330,89735.100000000,0.000100000,89717.400000000,1.716499010,89740.500000000,0.005568970,89716.300000000,3.388457300,89761.800000000,0.011478030,89715.300000000,3.388495630,89761.900000000,0.278702000,89713.700000000,0.337500000,89763.000000000,0.000091100,89712.100000000,3.388617250,89763.600000000,0.022300740,89704.900000000,0.650000000,89764.900000000,0.005568970,89704.800000000,0.178225030,89772.600000000,0.019187090,89703.300000000,1.716770150
2024-11-12T06:50:46.681669Z,89719.000000000,0.000071100,89718.900000000,4.715138300,89734.000000000,0.000081100,89718.300000000,1.716482330,89735.100000000,0.000100000,89717.400000000,1.716499010,89740.500000000,0.005568970,89716.300000000,3.388457300,89761.800000000,0.011478030,89715.300000000,3.388495630,89761.900000000,0.278702000,89713.700000000,0.337500000,89763.000000000,0.000091100,89712.100000000,3.388617250,89763.600000000,0.022300740,89705.000000000,1.716737410,89764.900000000,0.005568970,89704.900000000,0.650000000,89772.600000000,0.019187090,89704.800000000,0.178225030
2024-11-12T06:50:46.684582Z,89719.000000000,0.000071100,89718.900000000,4.715138300,89734.000000000,0.000081100,89718.400000000,0.133002800,89735.100000000,0.000100000,89718.300000000,1.716482330,89740.500000000,0.005568970,89717.400000000,1.716499010,89761.800000000,0.011478030,89716.300000000,3.388457300,89761.900000000,0.278702000,89715.300000000,3.388495630,89763.000000000,0.000091100,89713.700000000,0.337500000,89763.600000000,0.022300740,89712.100000000,3.388617250,89764.900000000,0.005568970,89705.000000000,1.716737410,89772.600000000,0.019187090,89704.900000000,0.650000000
2024-11-12T06:50:46.688373Z,89719.000000000,0.000071100,89718.900000000,4.715138300,89734.000000000,0.000081100,89718.400000000,0.133002800,89735.100000000,0.000100000,89718.300000000,1.716482330,89740.500000000,0.005568970,89717.400000000,1.716499010,89761.800000000,0.011478030,89716.300000000,3.388457300,89761.900000000,0.278702000,89715.300000000,3.388495630,89763.000000000,0.000091100,89713.700000000,0.337500000,89764.900000000,0.005568970,89712.100000000,3.388617250,89772.600000000,0.019187090,89705.000000000,1.716737410,89773.000000000,0.337500000,89704.900000000,0.650000000
2024-11-12T06:50:46.695293Z,89719.000000000,0.000071100,89718.900000000,4.715238300,89734.000000000,0.000081100,89718.400000000,0.133002800,89735.100000000,0.000100000,89718.300000000,1.716482330,89740.500000000,0.005568970,89717.400000000,1.716499010,89761.800000000,0.011478030,89716.300000000,3.388457300,89761.900000000,0.278702000,89715.300000000,3.388495630,89763.000000000,0.000091100,89713.700000000,0.337500000,89764.900000000,0.005568970,89712.100000000,3.388617250,89772.600000000,0.019187090,89705.000000000,1.716737410,89773.000000000,0.337500000,89704.900000000,0.650000000
2024-11-12T06:50:46.739568Z,89719.000000000,0.000071100,89718.900000000,4.715238300,89734.000000000,0.000081100,89718.400000000,0.133002800,89735.100000000,0.000100000,89718.300000000,1.716482330,89740.500000000,0.005568970,89717.400000000,1.716499010,89760.200000000,0.234924000,89716.300000000,3.388457300,89761.800000000,0.011478030,89715.300000000,3.388495630,89761.900000000,0.278702000,89713.700000000,0.337500000,89763.000000000,0.000091100,89712.100000000,3.388617250,89764.900000000,0.005568970,89705.000000000,1.716737410,89772.600000000,0.019187090,89704.900000000,0.650000000
2024-11-12T06:50:46.754506Z,89719.000000000,0.000071100,89718.900000000,4.755147020,89734.000000000,0.000081100,89718.400000000,0.133002800,89735.100000000,0.000100000,89718.300000000,1.716482330,89740.500000000,0.005568970,89717.400000000,1.716499010,89760.200000000,0.234924000,89716.300000000,3.388457300,89761.800000000,0.011478030,89715.300000000,3.388495630,89761.900000000,0.278702000,89713.700000000,0.337500000,89763.000000000,0.000091100,89712.100000000,3.388617250,89764.900000000,0.005568970,89705.000000000,1.716737410,89772.600000000,0.019187090,89704.900000000,0.650000000
2024-11-12T06:50:46.783000Z,89719.000000000,0.000071100,89718.900000000,4.755147020,89734.000000000,0.000081100,89718.400000000,0.133002800,89735.100000000,0.000100000,89718.300000000,1.716482330,89740.500000000,0.005568970,89717.400000000,1.716499010,89760.200000000,0.234924000,89716.300000000,3.388457300,89761.800000000,0.011478030,89715.300000000,3.388495630,89761.900000000,0.278702000,89713.700000000,0.337500000,89763.000000000,0.000091100,89712.100000000,3.388617250,89764.900000000,0.005568970,89705.000000000,1.716737410,89768.000000000,0.037700000,89704.900000000,0.650000000
2024-11-12T06:50:46.798277Z,89719.000000000,0.000071100,89718.900000000,4.755147020,89734.000000000,0.000081100,89718.400000000,0.133002800,89735.100000000,0.000100000,89718.300000000,1.716482330,89740.500000000,0.005568970,89717.400000000,1.716499010,89760.100000000,0.011478030,89716.300000000,3.388457300,89760.200000000,0.234924000,89715.300000000,3.388495630,89761.900000000,0.278702000,89713.700000000,0.337500000,89763.000000000,0.000091100,89712.100000000,3.388617250,89764.900000000,0.005568970,89705.000000000,1.716737410,89768.000000000,0.037700000,89704.900000000,0.650000000
2024-11-12T06:50:46.846942Z,89719.000000000,0.000071100,89718.900000000,4.755147020,89734.000000000,0.000081100,89718.400000000,0.133002800,89735.100000000,0.000100000,89718.300000000,1.716482330,89740.500000000,0.005568970,89717.400000000,1.716499010,89760.100000000,0.011478030,89716.300000000,3.388457300,89760.200000000,0.234924000,89715.300000000,3.388495630,89763.000000000,0.000091100,89713.700000000,0.337500000,89764.900000000,0.005568970,89712.100000000,3.388617250,89768.000000000,0.037700000,89705.000000000,1.716737410,89772.600000000,0.019187090,89704.900000000,0.650000000
2024-11-12T06:50:46.847317Z,89719.000000000,0.000071100,89718.900000000,4.755147020,89734.000000000,0.000081100,89718.400000000,0.133002800,89735.100000000,0.000100000,89718.300000000,1.716482330,89740.500000000,0.005568970,89717.400000000,1.716499010,89760.100000000,0.011478030,89716.300000000,3.388457300,89763.000000000,0.000091100,89715.300000000,3.388495630,89764.900000000,0.005568970,89713.700000000,0.337500000,89768.000000000,0.037700000,89712.100000000,3.388617250,89772.600000000,0.019187090,89705.000000000,1.716737410,89782.500000000,4.236512400,89704.900000000,0.650000000
2024-11-12T06:50:46.853431Z,89719.000000000,0.000071100,89718.900000000,4.755047020,89734.000000000,0.000081100,89718.400000000,0.133002800,89735.100000000,0.000100000,89718.300000000,1.716482330,89740.500000000,0.005568970,89717.400000000,1.716499010,89760.100000000,0.011478030,89716.300000000,3.388457300,89763.000000000,0.000091100,89715.300000000,3.388495630,89764.900000000,0.005568970,89713.700000000,0.337500000,89768.000000000,0.037700000,89712.100000000,3.388617250,89772.600000000,0.019187090,89705.000000000,1.716737410,89782.500000000,4.236512400,89704.900000000,0.650000000
2024-11-12T06:50:46.853651Z,89719.000000000,0.000071100,89718.900000000,4.755047020,89734.000000000,0.000081100,89718.400000000,0.133002800,89740.500000000,0.005568970,89718.300000000,1.716482330,89760.100000000,0.011478030,89717.400000000,1.716499010,89763.000000000,0.000091100,89716.300000000,3.388457300,89764.900000000,0.005568970,89715.300000000,3.388495630,89768.000000000,0.037700000,89713.700000000,0.337500000,89772.600000000,0.019187090,89712.100000000,3.388617250,89782.500000000,4.236512400,89705.000000000,1.716737410,89783.100000000,1.812776300,89704.900000000,0.650000000
2024-11-12T06:50:46.858829Z,89719.000000000,0.000071100,89718.900000000,4.755047020,89734.000000000,0.000081100,89718.400000000,0.133002800,89740.500000000,0.005568970,89718.300000000,1.716482330,89763.000000000,0.000091100,89717.400000000,1.716499010,89764.800000000,0.011478030,89716.300000000,3.388457300,89764.900000000,0.005568970,89715.300000000,3.388495630,89768.000000000,0.037700000,89713.700000000,0.337500000,89772.600000000,0.019187090,89712.100000000,3.388617250,89782.500000000,4.236512400,89705.000000000,1.716737410,89783.100000000,1.812776300,89704.900000000,0.650000000
2024-11-12T06:50:46.883447Z,89719.000000000,0.000071100,89718.900000000,4.755047020,89734.000000000,0.000081100,89718.400000000,0.133002800,89740.500000000,0.005568970,89718.300000000,1.716482330,89763.000000000,0.000091100,89717.400000000,1.716499010,89764.800000000,0.011478030,89716.300000000,3.388457300,89764.900000000,0.005568970,89715.300000000,3.388495630,89768.000000000,0.037700000,89713.700000000,0.337500000,89772.600000000,0.019187090,89712.100000000,3.388617250,89782.500000000,4.236512400,89705.000000000,1.716737410,89783.100000000,1.475276300,89704.900000000,0.650000000
2024-11-12T06:50:46.954957Z,89719.000000000,0.000071100,89718.900000000,4.755047020,89734.000000000,0.000081100,89718.400000000,0.133002800,89740.500000000,0.005568970,89718.300000000,1.716482330,89763.000000000,0.000091100,89717.400000000,1.716499010,89764.800000000,0.011478030,89716.300000000,3.388457300,89764.900000000,0.005568970,89715.300000000,3.388495630,89772.600000000,0.019187090,89713.700000000,0.337500000,89782.500000000,4.236512400,89712.100000000,3.388617250,89783.100000000,1.475276300,89705.000000000,1.716737410,89784.000000000,0.037700000,89704.900000000,0.650000000
2024-11-12T06:50:46.958478Z,89719.000000000,0.000071100,89718.900000000,4.755047020,89734.000000000,0.000081100,89718.400000000,0.133002800,89740.500000000,0.005568970,89718.300000000,1.716482330,89763.000000000,0.000091100,89717.400000000,1.716499010,89764.800000000,0.011478030,89716.300000000,3.388457300,89764.900000000,0.005568970,89715.300000000,3.388495630,89772.600000000,0.019187090,89713.700000000,0.337500000,89782.500000000,4.236512400,89712.100000000,3.388617250,89783.100000000,1.475276300,89705.000000000,1.716737410,89792.100000000,0.337500000,89704.900000000,0.650000000
2024-11-12T06:50:46.960791Z,89719.000000000,0.000071100,89718.900000000,4.755047020,89734.000000000,0.000081100,89718.400000000,0.133002800,89740.500000000,0.005568970,89718.300000000,1.716482330,89763.000000000,0.000091100,89717.400000000,1.716499010,89764.800000000,0.011478030,89716.300000000,3.388457300,89764.900000000,0.005568970,89715.300000000,3.388495630,89782.500000000,4.236512400,89713.700000000,0.337500000,89783.100000000,1.475276300,89712.100000000,3.388617250,89792.100000000,0.337500000,89705.000000000,1.716737410,89797.400000000,2.784047180,89704.900000000,0.650000000
2024-11-12T06:50:46.967769Z,89719.000000000,0.000071100,89718.900000000,4.755047020,89734.000000000,0.000081100,89718.400000000,0.133002800,89740.500000000,0.005568970,89718.300000000,1.716482330,89763.000000000,0.000091100,89717.400000000,1.716499010,89764.800000000,0.011478030,89716.300000000,3.388457300,89764.900000000,0.005568970,89715.300000000,3.388495630,89782.500000000,4.236512400,89713.700000000,0.337500000,89783.100000000,1.475276300,89712.100000000,3.388617250,89792.100000000,0.337500000,89705.000000000,1.716737410,89798.600000000,2.784010820,89704.900000000,0.650000000
2024-11-12T06:50:46.971076Z,89719.000000000,0.000071100,89718.900000000,4.755047020,89734.000000000,0.000081100,89718.400000000,0.133002800,89740.500000000,0.005568970,89718.300000000,1.716482330,89763.000000000,0.000091100,89717.400000000,1.716499010,89764.800000000,0.011478030,89716.300000000,3.388457300,89764.900000000,0.005568970,89715.300000000,3.388495630,89782.500000000,4.236512400,89713.700000000,0.337500000,89783.100000000,1.475276300,89712.100000000,3.388617250,89792.100000000,0.337500000,89705.000000000,1.716737410,89798.900000000,5.567997890,89704.900000000,0.650000000
2024-11-12T06:50:46.978672Z,89719.000000000,0.000071100,89718.900000000,4.755047020,89734.000000000,0.000081100,89718.400000000,0.133002800,89740.500000000,0.005568970,89718.300000000,1.716482330,89763.000000000,0.000091100,89717.400000000,1.716499010,89764.900000000,0.005568970,89716.300000000,3.388457300,89782.400000000,0.011478030,89715.300000000,3.388495630,89782.500000000,4.236512400,89713.700000000,0.337500000,89783.100000000,1.475276300,89712.100000000,3.388617250,89792.100000000,0.337500000,89705.000000000,1.716737410,89798.900000000,5.567997890,89704.900000000,0.650000000
2024-11-12T06:50:46.986744Z,89734.000000000,0.000081100,89718.900000000,4.755047020,89740.500000000,0.005568970,89718.400000000,0.133002800,89763.000000000,0.000091100,89718.300000000,1.716482330,89764.900000000,0.005568970,89717.400000000,1.716499010,89782.400000000,0.011478030,89716.300000000,3.388457300,89782.500000000,4.236512400,89715.300000000,3.388495630,89783.100000000,1.475276300,89713.700000000,0.337500000,89792.100000000,0.337500000,89712.100000000,3.388617250,89798.900000000,5.567997890,89705.000000000,1.716737410,89799.400000000,2.783984780,89704.900000000,0.650000000
2024-11-12T06:50:46.989275Z,89734.000000000,0.000081100,89718.900000000,4.275047020,89740.500000000,0.005568970,89718.400000000,0.133002800,89763.000000000,0.000091100,89718.300000000,1.716482330,89764.900000000,0.005568970,89717.400000000,1.716499010,89782.400000000,0.011478030,89716.300000000,3.388457300,89782.500000000,4.236512400,89715.300000000,3.388495630,89783.100000000,1.475276300,89713.700000000,0.337500000,89792.100000000,0.337500000,89712.100000000,3.388617250,89798.900000000,5.567997890,89705.000000000,1.716737410,89799.400000000,2.783984780,89704.900000000,0.650000000
2024-11-12T06:50:46.989538Z,89734.000000000,0.000081100,89733.900000000,0.193618570,89740.500000000,0.005568970,89718.900000000,4.275047020,89763.000000000,0.000091100,89718.400000000,0.133002800,89764.900000000,0.005568970,89718.300000000,1.716482330,89782.400000000,0.011478030,89717.400000000,1.716499010,89782.500000000,4.236512400,89716.300000000,3.388457300,89783.100000000,1.475276300,89715.300000000,3.388495630,89792.100000000,0.337500000,89713.700000000,0.337500000,89798.900000000,5.567997890,89712.100000000,3.388617250,89799.400000000,2.783984780,89705.000000000,1.716737410
2024-11-12T06:50:46.989582Z,89734.000000000,0.000081100,89733.900000000,0.193618570,89740.500000000,0.005568970,89723.300000000,0.337500000,89763.000000000,0.000091100,89718.900000000,4.275047020,89764.900000000,0.005568970,89718.400000000,0.133002800,89782.400000000,0.011478030,89718.300000000,1.716482330,89782.500000000,4.236512400,89717.400000000,1.716499010,89783.100000000,1.475276300,89716.300000000,3.388457300,89792.100000000,0.337500000,89715.300000000,3.388495630,89798.900000000,5.567997890,89713.700000000,0.337500000,89799.400000000,2.783984780,89712.100000000,3.388617250
2024-11-12T06:50:46.989594Z,89734.000000000,0.000081100,89733.900000000,0.193618570,89740.500000000,0.005568970,89723.300000000,0.337500000,89763.000000000,0.000091100,89720.400000000,0.480000000,89764.900000000,0.005568970,89718.900000000,4.275047020,89782.400000000,0.011478030,89718.400000000,0.133002800,89782.500000000,4.236512400,89718.300000000,1.716482330,89783.100000000,1.475276300,89717.400000000,1.716499010,89792.100000000,0.337500000,89716.300000000,3.388457300,89798.900000000,5.567997890,89715.300000000,3.388495630,89799.400000000,2.783984780,89713.700000000,0.337500000
2024-11-12T06:50:46.989607Z,89734.000000000,0.000081100,89733.900000000,0.193618570,89740.500000000,0.005568970,89723.300000000,0.337500000,89763.000000000,0.000091100,89720.400000000,0.480000000,89764.900000000,0.005568970,89718.900000000,4.275047020,89782.400000000,0.011478030,89718.400000000,0.133002800,89782.500000000,4.236512400,89718.300000000,1.716482330,89783.100000000,1.475276300,89717.400000000,1.716499010,89798.900000000,5.567997890,89716.300000000,3.388457300,89799.400000000,2.783984780,89715.300000000,3.388495630,89800.700000000,0.037510000,89713.700000000,0.337500000
2024-11-12T06:50:46.989691Z,89734.000000000,0.000081100,89733.900000000,0.193618570,89740.500000000,0.005568970,89723.300000000,0.337500000,89763.000000000,0.000091100,89720.400000000,0.480000000,89764.900000000,0.005568970,89718.900000000,4.275047020,89780.900000000,0.480000000,89718.400000000,0.133002800,89782.400000000,0.011478030,89718.300000000,1.716482330,89782.500000000,4.236512400,89717.400000000,1.716499010,89783.100000000,1.475276300,89716.300000000,3.388457300,89798.900000000,5.567997890,89715.300000000,3.388495630,89799.400000000,2.783984780,89713.700000000,0.337500000
2024-11-12T06:50:46.989938Z,89734.000000000,0.000081100,89733.900000000,0.193618570,89740.500000000,0.005568970,89727.800000000,0.337500000,89763.000000000,0.000091100,89723.300000000,0.337500000,89764.900000000,0.005568970,89720.400000000,0.480000000,89780.900000000,0.480000000,89718.900000000,4.275047020,89782.400000000,0.011478030,89718.400000000,0.133002800,89782.500000000,4.236512400,89718.300000000,1.716482330,89783.100000000,1.475276300,89717.400000000,1.716499010,89798.900000000,5.567997890,89716.300000000,3.388457300,89799.400000000,2.783984780,89715.300000000,3.388495630
2024-11-12T06:50:46.990146Z,89734.000000000,0.000081100,89733.900000000,1.975649160,89740.500000000,0.005568970,89727.800000000,0.337500000,89763.000000000,0.000091100,89723.300000000,0.337500000,89764.900000000,0.005568970,89720.400000000,0.480000000,89780.900000000,0.480000000,89718.900000000,4.275047020,89782.400000000,0.011478030,89718.400000000,0.133002800,89782.500000000,4.236512400,89718.300000000,1.716482330,89783.100000000,1.475276300,89717.400000000,1.716499010,89798.900000000,5.567997890,89716.300000000,3.388457300,89799.400000000,2.783984780,89715.300000000,3.388495630
2024-11-12T06:50:46.990494Z,89734.000000000,0.000081100,89733.900000000,1.975649160,89740.500000000,0.005568970,89727.800000000,0.337500000,89763.000000000,0.000091100,89723.300000000,0.337500000,89764.900000000,0.005568970,89720.400000000,0.480000000,89780.900000000,0.480000000,89719.000000000,0.400000000,89782.400000000,0.011478030,89718.900000000,4.275047020,89782.500000000,4.236512400,89718.400000000,0.133002800,89783.100000000,1.475276300,89718.300000000,1.716482330,89798.900000000,5.567997890,89717.400000000,1.716499010,89799.400000000,2.783984780,89716.300000000,3.388457300
2024-11-12T06:50:46.990566Z,89734.000000000,0.000081100,89733.900000000,1.975649160,89740.500000000,0.005568970,89727.800000000,0.337500000,89763.000000000,0.000091100,89723.300000000,0.337500000,89764.900000000,0.005568970,89720.400000000,0.480000000,89780.900000000,0.480000000,89719.000000000,0.400000000,89782.400000000,0.011478030,89718.900000000,4.081396080,89782.500000000,4.236512400,89718.400000000,0.133002800,89783.100000000,1.475276300,89718.300000000,1.716482330,89798.900000000,5.567997890,89717.400000000,1.716499010,89799.400000000,2.783984780,89716.300000000,3.388457300
2024-11-12T06:50:46.990962Z,89734.000000000,0.000081100,89733.900000000,1.975649160,89740.500000000,0.005568970,89727.800000000,0.337500000,89763.000000000,0.000091100,89723.300000000,0.337500000,89764.900000000,0.005568970,89720.400000000,0.480000000,89780.900000000,0.480000000,89719.000000000,0.400000000,89782.400000000,0.011478030,89718.900000000,4.081396080,89782.500000000,4.236512400,89718.400000000,0.133002800,89783.100000000,1.475276300,89718.300000000,1.716482330,89792.000000000,0.019187090,89717.400000000,1.716499010,89798.900000000,5.567997890,89716.300000000,3.388457300
2024-11-12T06:50:46.991130Z,89734.000000000,0.000081100,89733.900000000,1.975649160,89740.500000000,0.005568970,89727.800000000,0.337500000,89763.000000000,0.000091100,89723.300000000,0.337500000,89764.900000000,0.005568970,89720.400000000,0.480000000,89780.900000000,0.480000000,89719.000000000,0.400000000,89782.400000000,0.011478030,89718.900000000,4.081396080,89782.500000000,4.236512400,89718.400000000,0.133002800,89783.100000000,1.475276300,89718.300000000,1.716482330,89792.000000000,0.019187090,89717.400000000,1.716499010,89798.900000000,5.567997890,89713.700000000,0.337500000
2024-11-12T06:50:46.991163Z,89734.000000000,0.000081100,89733.900000000,1.975649160,89740.500000000,0.005568970,89727.800000000,0.337500000,89763.000000000,0.000091100,89723.300000000,0.337500000,89764.900000000,0.005568970,89720.400000000,0.480000000,89780.900000000,0.480000000,89719.000000000,0.400000000,89782.400000000,0.011478030,89718.900000000,4.081396080,89782.500000000,4.236512400,89718.400000000,0.133002800,89783.100000000,1.475276300,89717.400000000,1.716499010,89792.000000000,0.019187090,89713.700000000,0.337500000,89798.900000000,5.567997890,89712.100000000,3.388617250
2024-11-12T06:50:46.991231Z,89734.000000000,0.000081100,89733.900000000,1.975649160,89740.500000000,0.005568970,89727.800000000,0.337500000,89763.000000000,0.000091100,89723.300000000,0.337500000,89764.900000000,0.005568970,89720.400000000,0.480000000,89780.900000000,0.480000000,89719.000000000,0.400000000,89782.400000000,0.011478030,89718.900000000,4.081396080,89782.500000000,4.236512400,89718.400000000,0.133002800,89783.100000000,1.475276300,89717.400000000,1.716499010,89792.000000000,0.019187090,89713.700000000,0.337500000,89798.900000000,5.567997890,89705.000000000,1.716737410
2024-11-12T06:50:46.991840Z,89734.000000000,0.000081100,89733.900000000,1.975649160,89740.500000000,0.005568970,89727.800000000,0.337500000,89763.000000000,0.000091100,89723.300000000,0.337500000,89764.900000000,0.005568970,89720.400000000,0.480000000,89780.900000000,0.480000000,89719.000000000,0.400000000,89782.400000000,0.011478030,89718.900000000,2.364923860,89782.500000000,4.236512400,89718.400000000,0.133002800,89783.100000000,1.475276300,89717.400000000,1.716499010,89792.000000000,0.019187090,89713.700000000,0.337500000,89798.900000000,5.567997890,89705.000000000,1.716737410
2024-11-12T06:50:46.992332Z,89734.000000000,0.000081100,89733.900000000,1.975649160,89740.500000000,0.005568970,89727.800000000,0.337500000,89763.000000000,0.000091100,89723.300000000,0.337500000,89764.900000000,0.005568970,89720.400000000,0.480000000,89780.900000000,0.480000000,89719.000000000,0.400000000,89782.400000000,0.011478030,89718.900000000,0.582281750,89782.500000000,4.236512400,89718.400000000,0.133002800,89783.100000000,1.475276300,89717.400000000,1.716499010,89792.000000000,0.019187090,89713.700000000,0.337500000,89798.900000000,5.567997890,89705.000000000,1.716737410
2024-11-12T06:50:46.992345Z,89734.000000000,0.000081100,89733.900000000,2.313149160,89740.500000000,0.005568970,89727.800000000,0.337500000,89763.000000000,0.000091100,89723.300000000,0.337500000,89764.900000000,0.005568970,89720.400000000,0.480000000,89780.900000000,0.480000000,89719.000000000,0.400000000,89782.400000000,0.011478030,89718.900000000,0.582281750,89782.500000000,4.236512400,89718.400000000,0.133002800,89783.100000000,1.475276300,89717.400000000,1.716499010,89792.000000000,0.019187090,89713.700000000,0.337500000,89798.900000000,5.567997890,89705.000000000,1.716737410
2024-11-12T06:50:46.992557Z,89734.000000000,0.000081100,89733.900000000,2.313149160,89740.500000000,0.005568970,89727.800000000,0.337500000,89763.000000000,0.000091100,89723.300000000,0.337500000,89764.900000000,0.005568970,89720.400000000,0.480000000,89780.900000000,0.480000000,89719.000000000,0.400000000,89782.400000000,0.011478030,89718.900000000,0.244781750,89782.500000000,4.236512400,89718.400000000,0.133002800,89783.100000000,1.475276300,89717.400000000,1.716499010,89792.000000000,0.019187090,89713.700000000,0.337500000,89798.900000000,5.567997890,89705.000000000,1.716737410
2024-11-12T06:50:46.992666Z,89734.000000000,0.000081100,89733.900000000,2.313149160,89740.500000000,0.005568970,89727.800000000,0.337500000,89763.000000000,0.000091100,89723.300000000,0.337500000,89764.900000000,0.005568970,89719.000000000,0.400000000,89780.900000000,0.480000000,89718.900000000,0.244781750,89782.400000000,0.011478030,89718.400000000,0.133002800,89782.500000000,4.236512400,89717.400000000,1.716499010,89783.100000000,1.475276300,89713.700000000,0.337500000,89792.000000000,0.019187090,89705.000000000,1.716737410,89798.900000000,5.567997890,89704.900000000,0.250000000
2024-11-12T06:50:46.992757Z,89734.000000000,0.000081100,89733.900000000,2.313149160,89740.500000000,0.005568970,89727.800000000,0.337500000,89763.000000000,0.000091100,89719.000000000,0.400000000,89764.900000000,0.005568970,89718.900000000,0.244781750,89780.900000000,0.480000000,89718.400000000,0.133002800,89782.400000000,0.011478030,89717.400000000,1.716499010,89782.500000000,4.236512400,89713.700000000,0.337500000,89783.100000000,1.475276300,89705.000000000,1.716737410,89792.000000000,0.019187090,89704.900000000,0.250000000,89798.900000000,5.567997890,89704.800000000,0.138216310
2024-11-12T06:50:46.992854Z,89734.000000000,0.000081100,89733.900000000,2.793149160,89740.500000000,0.005568970,89727.800000000,0.337500000,89763.000000000,0.000091100,89719.000000000,0.400000000,89764.900000000,0.005568970,89718.900000000,0.244781750,89780.900000000,0.480000000,89718.400000000,0.133002800,89782.400000000,0.011478030,89717.400000000,1.716499010,89782.500000000,4.236512400,89713.700000000,0.337500000,89783.100000000,1.475276300,89705.000000000,1.716737410,89792.000000000,0.019187090,89704.900000000,0.250000000,89798.900000000,5.567997890,89704.800000000,0.138216310
2024-11-12T06:50:46.996031Z,89734.000000000,0.000081100,89733.900000000,2.793149160,89740.500000000,0.005568970,89727.800000000,0.337500000,89763.000000000,0.000091100,89719.000000000,0.400000000,89764.900000000,0.005568970,89718.900000000,0.244781750,89780.900000000,0.480000000,89718.400000000,0.133002800,89782.400000000,0.011478030,89717.400000000,1.716499010,89782.500000000,4.236512400,89713.700000000,0.337500000,89783.100000000,1.475276300,89705.000000000,1.716737410,89792.000000000,0.019187090,89704.900000000,0.250000000,89798.800000000,2.784001780,89704.800000000,0.138216310
2024-11-12T06:50:46.996223Z,89734.000000000,0.000081100,89733.900000000,4.509334450,89740.500000000,0.005568970,89727.800000000,0.337500000,89763.000000000,0.000091100,89719.000000000,0.400000000,89764.900000000,0.005568970,89718.900000000,0.244781750,89780.900000000,0.480000000,89718.400000000,0.133002800,89782.400000000,0.011478030,89717.400000000,1.716499010,89782.500000000,4.236512400,89713.700000000,0.337500000,89783.100000000,1.475276300,89705.000000000,1.716737410,89792.000000000,0.019187090,89704.900000000,0.250000000,89798.800000000,2.784001780,89704.800000000,0.138216310
2024-11-12T06:50:46.996242Z,89734.000000000,0.000081100,89733.900000000,4.509334450,89740.500000000,0.005568970,89731.100000000,3.387896530,89763.000000000,0.000091100,89727.800000000,0.337500000,89764.900000000,0.005568970,89719.000000000,0.400000000,89780.900000000,0.480000000,89718.900000000,0.244781750,89782.400000000,0.011478030,89718.400000000,0.133002800,89782.500000000,4.236512400,89717.400000000,1.716499010,89783.100000000,1.475276300,89713.700000000,0.337500000,89792.000000000,0.019187090,89705.000000000,1.716737410,89798.800000000,2.784001780,89704.900000000,0.250000000
2024-11-12T06:50:46.996331Z,89734.000000000,0.000081100,89733.900000000,4.509334450,89740.500000000,0.005568970,89732.400000000,1.716213800,89763.000000000,0.000091100,89731.100000000,3.387896530,89764.900000000,0.005568970,89727.800000000,0.337500000,89780.900000000,0.480000000,89719.000000000,0.400000000,89782.400000000,0.011478030,89718.900000000,0.244781750,89782.500000000,4.236512400,89718.400000000,0.133002800,89783.100000000,1.475276300,89717.400000000,1.716499010,89792.000000000,0.019187090,89713.700000000,0.337500000,89798.800000000,2.784001780,89705.000000000,1.716737410
2024-11-12T06:50:46.996371Z,89734.000000000,0.000081100,89733.900000000,4.509334450,89740.500000000,0.005568970,89732.400000000,1.716213800,89763.000000000,0.000091100,89731.100000000,3.387896530,89764.900000000,0.005568970,89730.100000000,3.387936450,89780.900000000,0.480000000,89727.800000000,0.337500000,89782.400000000,0.011478030,89719.000000000,0.400000000,89782.500000000,4.236512400,89718.900000000,0.244781750,89783.100000000,1.475276300,89718.400000000,0.133002800,89792.000000000,0.019187090,89717.400000000,1.716499010,89798.800000000,2.784001780,89713.700000000,0.337500000
2024-11-12T06:50:47.000590Z,89734.000000000,0.000081100,89733.900000000,4.509334450,89740.500000000,0.005568970,89732.400000000,1.716213800,89763.000000000,0.000091100,89731.100000000,3.387896530,89764.900000000,0.005568970,89730.100000000,3.387936450,89780.900000000,0.480000000,89727.800000000,0.337500000,89782.400000000,0.011478030,89719.000000000,0.533002800,89782.500000000,4.236512400,89718.900000000,0.244781750,89783.100000000,1.475276300,89717.400000000,1.716499010,89792.000000000,0.019187090,89713.700000000,0.337500000,89798.800000000,2.784001780,89705.000000000,1.716737410
2024-11-12T06:50:47.001718Z,89734.000000000,0.000081100,89733.900000000,4.509334450,89740.500000000,0.005568970,89732.400000000,1.716213800,89763.000000000,0.000091100,89731.100000000,3.387896530,89780.900000000,0.480000000,89730.100000000,3.387936450,89782.400000000,0.011478030,89727.800000000,0.337500000,89782.500000000,4.236512400,89719.000000000,0.533002800,89783.100000000,1.475276300,89718.900000000,0.244781750,89792.000000000,0.019187090,89717.400000000,1.716499010,89798.800000000,2.784001780,89713.700000000,0.337500000,89798.900000000,5.567997890,89705.000000000,1.716737410
2024-11-12T06:50:47.002447Z,89734.000000000,0.000081100,89733.900000000,4.509568110,89740.500000000,0.005568970,89732.400000000,1.716213800,89763.000000000,0.000091100,89731.100000000,3.387896530,89780.900000000,0.480000000,89730.100000000,3.387936450,89782.400000000,0.011478030,89727.800000000,0.337500000,89782.500000000,4.236512400,89719.000000000,0.533002800,89783.100000000,1.475276300,89718.900000000,0.244548050,89792.000000000,0.019187090,89717.400000000,1.716499010,89798.800000000,2.784001780,89713.700000000,0.337500000,89798.900000000,5.567997890,89705.000000000,1.716737410
2024-11-12T06:50:47.002598Z,89734.000000000,0.000081100,89733.900000000,4.509568110,89763.000000000,0.000091100,89732.400000000,1.716213800,89780.900000000,0.480000000,89731.100000000,3.387896530,89782.400000000,0.011478030,89730.100000000,3.387936450,89782.500000000,4.236512400,89727.800000000,0.337500000,89783.100000000,1.475276300,89719.000000000,0.533002800,89792.000000000,0.019187090,89718.900000000,0.244548050,89798.800000000,2.784001780,89717.400000000,1.716499010,89798.900000000,5.567997890,89713.700000000,0.337500000,89799.400000000,2.783984780,89705.000000000,1.716737410
2024-11-12T06:50:47.007954Z,89734.000000000,0.000081100,89733.900000000,4.509568110,89763.000000000,0.000091100,89732.400000000,1.716213800,89780.900000000,0.480000000,89731.100000000,3.387896530,89782.400000000,0.011478030,89730.100000000,3.387936450,89782.500000000,4.236512400,89727.800000000,0.337500000,89783.100000000,1.475276300,89719.000000000,0.533002800,89792.000000000,0.019187090,89718.900000000,0.244548050,89798.900000000,5.567997890,89717.400000000,1.716499010,89799.400000000,2.783984780,89713.700000000,0.337500000,89800.700000000,0.037510000,89705.000000000,1.716737410
2024-11-12T06:50:47.010320Z,89734.000000000,0.000081100,89733.900000000,4.509568110,89763.000000000,0.000091100,89732.400000000,1.716213800,89780.900000000,0.480000000,89731.100000000,3.387896530,89782.400000000,0.011478030,89730.100000000,3.387936450,89782.500000000,4.236512400,89727.800000000,0.337500000,89783.100000000,1.475276300,89719.000000000,0.533002800,89787.000000000,0.234904000,89718.900000000,0.244548050,89792.000000000,0.019187090,89717.400000000,1.716499010,89798.900000000,5.567997890,89713.700000000,0.337500000,89799.400000000,2.783984780,89705.000000000,1.716737410
2024-11-12T06:50:47.011460Z,89734.000000000,0.000081100,89733.900000000,4.509568110,89763.000000000,0.000091100,89732.400000000,1.716213800,89780.900000000,0.480000000,89731.100000000,3.387896530,89782.400000000,0.011478030,89730.100000000,3.387936450,89783.100000000,1.475276300,89727.800000000,0.337500000,89787.000000000,0.234904000,89719.000000000,0.533002800,89792.000000000,0.019187090,89718.900000000,0.244548050,89798.900000000,5.567997890,89717.400000000,1.716499010,89799.400000000,2.783984780,89713.700000000,0.337500000,89800.700000000,0.037510000,89705.000000000,1.716737410
2024-11-12T06:50:47.011560Z,89734.000000000,0.000081100,89733.900000000,4.509568110,89763.000000000,0.000091100,89732.400000000,1.716213800,89780.900000000,0.480000000,89731.100000000,3.387896530,89782.400000000,0.011478030,89730.100000000,3.387936450,89783.100000000,1.475276300,89727.800000000,0.337500000,89787.000000000,0.234904000,89719.000000000,0.533002800,89792.000000000,0.019187090,89718.900000000,0.244548050,89798.400000000,2.784017050,89717.400000000,1.716499010,89798.900000000,5.567997890,89713.700000000,0.337500000,89799.400000000,2.783984780,89705.000000000,1.716737410
2024-11-12T06:50:47.011999Z,89734.000000000,0.000081100,89733.900000000,4.509568110,89763.000000000,0.000091100,89732.400000000,1.716213800,89780.900000000,0.480000000,89731.100000000,3.387896530,89781.300000000,0.005568970,89730.100000000,3.387936450,89782.400000000,0.011478030,89727.800000000,0.337500000,89783.100000000,1.475276300,89719.000000000,0.533002800,89787.000000000,0.234904000,89718.900000000,0.244548050,89792.000000000,0.019187090,89717.400000000,1.716499010,89798.400000000,2.784017050,89713.700000000,0.337500000,89798.900000000,5.567997890,89705.000000000,1.716737410
2024-11-12T06:50:47.015416Z,89734.000000000,0.000081100,89733.900000000,4.609568110,89763.000000000,0.000091100,89732.400000000,1.716213800,89780.900000000,0.480000000,89731.100000000,3.387896530,89781.300000000,0.005568970,89730.100000000,3.387936450,89782.400000000,0.011478030,89727.800000000,0.337500000,89783.100000000,1.475276300,89719.000000000,0.533002800,89787.000000000,0.234904000,89718.900000000,0.244548050,89792.000000000,0.019187090,89717.400000000,1.716499010,89798.400000000,2.784017050,89713.700000000,0.337500000,89798.900000000,5.567997890,89705.000000000,1.716737410
2024-11-12T06:50:47.015449Z,89734.000000000,0.000081100,89733.900000000,4.654115600,89763.000000000,0.000091100,89732.400000000,1.716213800,89780.900000000,0.480000000,89731.100000000,3.387896530,89781.300000000,0.005568970,89730.100000000,3.387936450,89782.400000000,0.011478030,89727.800000000,0.337500000,89783.100000000,1.475276300,89719.000000000,0.533002800,89787.000000000,0.234904000,89718.900000000,0.244548050,89792.000000000,0.019187090,89717.400000000,1.716499010,89798.400000000,2.784017050,89713.700000000,0.337500000,89798.900000000,5.567997890,89705.000000000,1.716737410
2024-11-12T06:50:47.022780Z,89734.000000000,0.000081100,89733.900000000,4.654115600,89763.000000000,0.000091100,89732.400000000,1.716213800,89780.900000000,0.480000000,89731.100000000,3.387896530,89781.300000000,0.005568970,89730.100000000,3.387936450,89782.400000000,0.011478030,89727.800000000,0.337500000,89783.100000000,1.475276300,89719.000000000,0.533002800,89787.000000000,0.234904000,89718.900000000,0.244548050,89792.000000000,0.019187090,89717.400000000,1.716499010,89796.400000000,2.784076500,89713.700000000,0.337500000,89798.400000000,2.784017050,89705.000000000,1.716737410
2024-11-12T06:50:47.030064Z,89734.000000000,0.000081100,89733.900000000,4.654115600,89756.100000000,0.005568970,89732.400000000,1.716213800,89763.000000000,0.000091100,89731.100000000,3.387896530,89780.900000000,0.480000000,89730.100000000,3.387936450,89781.300000000,0.005568970,89727.800000000,0.337500000,89782.400000000,0.011478030,89719.000000000,0.533002800,89783.100000000,1.475276300,89718.900000000,0.244548050,89787.000000000,0.234904000,89717.400000000,1.716499010,89792.000000000,0.019187090,89713.700000000,0.337500000,89796.400000000,2.784076500,89705.000000000,1.716737410
2024-11-12T06:50:47.033456Z,89734.000000000,0.000081100,89733.900000000,4.654115600,89756.100000000,0.005568970,89732.400000000,1.716213800,89763.000000000,0.000091100,89731.100000000,3.387896530,89780.900000000,0.480000000,89730.100000000,3.387936450,89781.300000000,0.005568970,89727.800000000,0.337500000,89782.400000000,0.011478030,89719.000000000,0.400000000,89783.100000000,1.475276300,89718.900000000,0.244548050,89787.000000000,0.234904000,89717.400000000,1.716499010,89792.000000000,0.019187090,89713.700000000,0.337500000,89796.400000000,2.784076500,89705.000000000,1.716737410
2024-11-12T06:50:47.037142Z,89734.000000000,0.000081100,89733.900000000,4.654115600,89756.100000000,0.005568970,89732.400000000,1.716213800,89763.000000000,0.000091100,89731.100000000,3.387896530,89780.900000000,0.480000000,89730.100000000,3.387936450,89781.300000000,0.005568970,89727.800000000,0.337500000,89782.400000000,0.011478030,89719.000000000,0.400000000,89783.100000000,1.475276300,89718.900000000,0.244548050,89787.000000000,0.234904000,89717.400000000,1.716499010,89792.000000000,0.019187090,89713.700000000,0.337500000,89796.000000000,2.784089590,89705.000000000,1.716737410
2024-11-12T06:50:47.056888Z,89734.000000000,0.000081100,89733.900000000,4.654115600,89756.100000000,0.005568970,89732.400000000,1.716213800,89763.000000000,0.000091100,89731.100000000,3.387896530,89780.900000000,0.480000000,89730.100000000,3.387936450,89781.300000000,0.005568970,89727.800000000,0.337500000,89782.400000000,0.011478030,89718.900000000,0.244548050,89783.100000000,1.475276300,89717.400000000,1.716499010,89787.000000000,0.234904000,89713.700000000,0.337500000,89792.000000000,0.019187090,89705.000000000,1.716737410,89796.000000000,2.784089590,89704.900000000,0.250000000
