timestamp,ap0,av0,bp0,bv0,ap1,av1,bp1,bv1,ap2,av2,bp2,bv2,ap3,av3,bp3,bv3,ap4,av4,bp4,bv4,ap5,av5,bp5,bv5,ap6,av6,bp6,bv6,ap7,av7,bp7,bv7,ap8,av8,bp8,bv8,ap9,av9,bp9,bv9
2024-11-12T06:50:44.845405Z,0.399716700,61.249493250,0.399514100,11019.167479490,0.399796600,9595.394210780,0.399512100,4387.500000000,0.399796700,2193.750000000,0.399472200,3197.770918960,0.399969200,70593.273854170,0.399471200,35048.700000000,0.399996700,2193.750000000,0.399432100,2193.750000000,0.400048800,51397.098005750,0.399362300,63055.949795870,0.400059800,7290.000000000,0.399352100,2193.750000000,0.400117400,2009.565673460,0.399329500,9595.394210780,0.400229200,2193.750000000,0.399289600,2193.750000000,0.400242700,14990.906533710,0.399264700,1020.106399590
2024-11-12T06:50:44.845454Z,0.399716700,61.249493250,0.399514100,38017.620056540,0.399796600,9595.394210780,0.399512100,4387.500000000,0.399796700,2193.750000000,0.399472200,3197.770918960,0.399969200,70593.273854170,0.399471200,35048.700000000,0.399996700,2193.750000000,0.399432100,2193.750000000,0.400048800,51397.098005750,0.399362300,63055.949795870,0.400059800,7290.000000000,0.399352100,2193.750000000,0.400117400,2009.565673460,0.399329500,9595.394210780,0.400229200,2193.750000000,0.399289600,2193.750000000,0.400242700,14990.906533710,0.399264700,1020.106399590
2024-11-12T06:50:44.845474Z,0.399716700,61.249493250,0.399514100,38017.620056540,0.399796600,9595.394210780,0.399512100,4387.500000000,0.399796700,2193.750000000,0.399474700,26008.399091670,0.399969200,70593.273854170,0.399472200,3197.770918960,0.399996700,2193.750000000,0.399471200,35048.700000000,0.400048800,51397.098005750,0.399432100,2193.750000000,0.400059800,7290.000000000,0.399362300,63055.949795870,0.400117400,2009.565673460,0.399352100,2193.750000000,0.400229200,2193.750000000,0.399329500,9595.394210780,0.400242700,14990.906533710,0.399289600,2193.750000000
2024-11-12T06:50:44.846081Z,0.399716700,61.249493250,0.399663100,10850.244279300,0.399796600,9595.394210780,0.399514100,38017.620056540,0.399796700,2193.750000000,0.399512100,4387.500000000,0.399969200,70593.273854170,0.399474700,26008.399091670,0.399996700,2193.750000000,0.399472200,3197.770918960,0.400048800,51397.098005750,0.399471200,35048.700000000,0.400059800,7290.000000000,0.399432100,2193.750000000,0.400117400,2009.565673460,0.399362300,63055.949795870,0.400229200,2193.750000000,0.399352100,2193.750000000,0.400242700,14990.906533710,0.399329500,9595.394210780
2024-11-12T06:50:44.847777Z,0.399716700,61.249493250,0.399663100,10850.244279300,0.399796600,9595.394210780,0.399534000,2193.750000000,0.399796700,2193.750000000,0.399514100,38017.620056540,0.399969200,70593.273854170,0.399512100,4387.500000000,0.399996700,2193.750000000,0.399474700,26008.399091670,0.400048800,51397.098005750,0.399472200,3197.770918960,0.400059800,7290.000000000,0.399471200,35048.700000000,0.400117400,2009.565673460,0.399432100,2193.750000000,0.400229200,2193.750000000,0.399362300,63055.949795870,0.400242700,14990.906533710,0.399352100,2193.750000000
2024-11-12T06:50:44.847816Z,0.399716700,61.249493250,0.399663100,10850.244279300,0.399796600,9595.394210780,0.399554000,2193.750000000,0.399796700,2193.750000000,0.399534000,2193.750000000,0.399969200,70593.273854170,0.399514100,38017.620056540,0.399996700,2193.750000000,0.399512100,4387.500000000,0.400048800,51397.098005750,0.399474700,26008.399091670,0.400059800,7290.000000000,0.399472200,3197.770918960,0.400117400,2009.565673460,0.399471200,35048.700000000,0.400229200,2193.750000000,0.399432100,2193.750000000,0.400242700,14990.906533710,0.399362300,63055.949795870
2024-11-12T06:50:44.847891Z,0.399716700,61.249493250,0.399663100,10850.244279300,0.399796600,9595.394210780,0.399554000,2193.750000000,0.399969200,70593.273854170,0.399534000,2193.750000000,0.399996700,2193.750000000,0.399514100,38017.620056540,0.400048800,51397.098005750,0.399512100,4387.500000000,0.400059800,7290.000000000,0.399474700,26008.399091670,0.400117400,2009.565673460,0.399472200,3197.770918960,0.400229200,2193.750000000,0.399471200,35048.700000000,0.400242700,14990.906533710,0.399432100,2193.750000000,0.400268200,5631.019387120,0.399362300,63055.949795870
2024-11-12T06:50:44.848224Z,0.399716700,61.249493250,0.399663100,10850.244279300,0.399796600,9595.394210780,0.399554000,2193.750000000,0.399969200,70593.273854170,0.399534000,2193.750000000,0.399996700,2193.750000000,0.399514100,38017.620056540,0.400027400,7433.000000000,0.399512100,4387.500000000,0.400048800,51397.098005750,0.399474700,26008.399091670,0.400059800,7290.000000000,0.399472200,3197.770918960,0.400117400,2009.565673460,0.399471200,35048.700000000,0.400229200,2193.750000000,0.399432100,2193.750000000,0.400242700,14990.906533710,0.399362300,63055.949795870
2024-11-12T06:50:44.848432Z,0.399716700,61.249493250,0.399683000,2193.750000000,0.399796600,9595.394210780,0.399663100,10850.244279300,0.399969200,70593.273854170,0.399554000,2193.750000000,0.399996700,2193.750000000,0.399534000,2193.750000000,0.400027400,7433.000000000,0.399514100,38017.620056540,0.400048800,51397.098005750,0.399512100,4387.500000000,0.400059800,7290.000000000,0.399474700,26008.399091670,0.400117400,2009.565673460,0.399472200,3197.770918960,0.400229200,2193.750000000,0.399471200,35048.700000000,0.400242700,14990.906533710,0.399432100,2193.750000000
2024-11-12T06:50:44.848481Z,0.399716700,61.249493250,0.399683000,2193.750000000,0.399796600,9595.394210780,0.399663100,10850.244279300,0.399969200,70593.273854170,0.399554000,2193.750000000,0.399996700,2193.750000000,0.399534000,2193.750000000,0.400027400,7433.000000000,0.399514100,38017.620056540,0.400048800,51397.098005750,0.399512100,2193.750000000,0.400059800,7290.000000000,0.399474700,26008.399091670,0.400117400,2009.565673460,0.399472200,3197.770918960,0.400229200,2193.750000000,0.399471200,35048.700000000,0.400242700,14990.906533710,0.399432100,2193.750000000
2024-11-12T06:50:44.849299Z,0.399716700,61.249493250,0.399683000,2193.750000000,0.399796600,9595.394210780,0.399663100,10850.244279300,0.399969200,70593.273854170,0.399554000,2193.750000000,0.399996700,2193.750000000,0.399534000,2193.750000000,0.400027400,7433.000000000,0.399514100,11019.167479490,0.400048800,51397.098005750,0.399512100,2193.750000000,0.400059800,7290.000000000,0.399474700,26008.399091670,0.400117400,2009.565673460,0.399472200,3197.770918960,0.400229200,2193.750000000,0.399471200,35048.700000000,0.400242700,14990.906533710,0.399432100,2193.750000000
2024-11-12T06:50:44.849350Z,0.399716700,61.249493250,0.399683000,2193.750000000,0.399796600,9595.394210780,0.399663100,10850.244279300,0.399969200,70593.273854170,0.399554000,2193.750000000,0.399996700,2193.750000000,0.399534000,2193.750000000,0.400027400,7433.000000000,0.399512100,2193.750000000,0.400048800,51397.098005750,0.399474700,26008.399091670,0.400059800,7290.000000000,0.399472200,3197.770918960,0.400117400,2009.565673460,0.399471200,35048.700000000,0.400229200,2193.750000000,0.399432100,2193.750000000,0.400242700,14990.906533710,0.399362300,63055.949795870
2024-11-12T06:50:44.850408Z,0.399716700,61.249493250,0.399683000,2193.750000000,0.399796600,9595.394210780,0.399665200,2193.750000000,0.399969200,70593.273854170,0.399663100,10850.244279300,0.399996700,2193.750000000,0.399554000,2193.750000000,0.400027400,7433.000000000,0.399534000,2193.750000000,0.400048800,51397.098005750,0.399512100,2193.750000000,0.400059800,7290.000000000,0.399474700,26008.399091670,0.400117400,2009.565673460,0.399472200,3197.770918960,0.400229200,2193.750000000,0.399471200,35048.700000000,0.400242700,14990.906533710,0.399432100,2193.750000000
2024-11-12T06:50:44.850856Z,0.399716700,61.249493250,0.399683000,2193.750000000,0.399796600,9595.394210780,0.399665200,2193.750000000,0.399836700,2193.750000000,0.399663100,10850.244279300,0.399969200,70593.273854170,0.399554000,2193.750000000,0.399996700,2193.750000000,0.399534000,2193.750000000,0.400027400,7433.000000000,0.399512100,2193.750000000,0.400048800,51397.098005750,0.399474700,26008.399091670,0.400059800,7290.000000000,0.399472200,3197.770918960,0.400117400,2009.565673460,0.399471200,35048.700000000,0.400229200,2193.750000000,0.399432100,2193.750000000
2024-11-12T06:50:44.852205Z,0.399716700,61.249493250,0.399683000,2193.750000000,0.399796600,9595.394210780,0.399665200,2193.750000000,0.399836700,2193.750000000,0.399663100,10850.244279300,0.399969200,70593.273854170,0.399630500,10466.879444350,0.399996700,2193.750000000,0.399554000,2193.750000000,0.400027400,7433.000000000,0.399534000,2193.750000000,0.400048800,51397.098005750,0.399512100,2193.750000000,0.400059800,7290.000000000,0.399474700,26008.399091670,0.400117400,2009.565673460,0.399472200,3197.770918960,0.400229200,2193.750000000,0.399471200,35048.700000000
2024-11-12T06:50:44.853011Z,0.399716700,61.249493250,0.399683000,2193.750000000,0.399796600,9595.394210780,0.399665200,2193.750000000,0.399836700,2193.750000000,0.399663100,10850.244279300,0.399969200,70593.273854170,0.399630500,10466.879444350,0.399996700,2193.750000000,0.399554000,2193.750000000,0.400027400,7433.000000000,0.399534000,2193.750000000,0.400036700,2193.750000000,0.399512100,2193.750000000,0.400048800,51397.098005750,0.399474700,26008.399091670,0.400059800,7290.000000000,0.399472200,3197.770918960,0.400117400,2009.565673460,0.399471200,35048.700000000
2024-11-12T06:50:44.858146Z,0.399716700,61.249493250,0.399683000,2193.750000000,0.399796600,9595.394210780,0.399663100,10850.244279300,0.399836700,2193.750000000,0.399630500,10466.879444350,0.399969200,70593.273854170,0.399554000,2193.750000000,0.399996700,2193.750000000,0.399534000,2193.750000000,0.400027400,7433.000000000,0.399512100,2193.750000000,0.400036700,2193.750000000,0.399474700,26008.399091670,0.400048800,51397.098005750,0.399472200,3197.770918960,0.400059800,7290.000000000,0.399471200,35048.700000000,0.400117400,2009.565673460,0.399432100,2193.750000000
2024-11-12T06:50:44.861810Z,0.399716700,61.249493250,0.399683000,2193.750000000,0.399796600,9595.394210780,0.399663100,10850.244279300,0.399836700,2193.750000000,0.399643000,2193.750000000,0.399969200,70593.273854170,0.399630500,10466.879444350,0.399996700,2193.750000000,0.399554000,2193.750000000,0.400027400,7433.000000000,0.399534000,2193.750000000,0.400036700,2193.750000000,0.399512100,2193.750000000,0.400048800,51397.098005750,0.399474700,26008.399091670,0.400059800,7290.000000000,0.399472200,3197.770918960,0.400117400,2009.565673460,0.399471200,35048.700000000
2024-11-12T06:50:44.889160Z,0.399716700,61.249493250,0.399663100,10850.244279300,0.399796600,9595.394210780,0.399643000,2193.750000000,0.399836700,2193.750000000,0.399630500,10466.879444350,0.399969200,70593.273854170,0.399554000,2193.750000000,0.399996700,2193.750000000,0.399534000,2193.750000000,0.400027400,7433.000000000,0.399512100,2193.750000000,0.400036700,2193.750000000,0.399474700,26008.399091670,0.400048800,51397.098005750,0.399472200,3197.770918960,0.400059800,7290.000000000,0.399471200,35048.700000000,0.400117400,2009.565673460,0.399432100,2193.750000000
2024-11-12T06:50:44.891657Z,0.399716700,61.249493250,0.399680200,2193.750000000,0.399796600,9595.394210780,0.399663100,10850.244279300,0.399836700,2193.750000000,0.399643000,2193.750000000,0.399969200,70593.273854170,0.399630500,10466.879444350,0.399996700,2193.750000000,0.399554000,2193.750000000,0.400027400,7433.000000000,0.399534000,2193.750000000,0.400036700,2193.750000000,0.399512100,2193.750000000,0.400048800,51397.098005750,0.399474700,26008.399091670,0.400059800,7290.000000000,0.399472200,3197.770918960,0.400117400,2009.565673460,0.399471200,35048.700000000
2024-11-12T06:50:44.893517Z,0.399716700,61.249493250,0.399680200,2193.750000000,0.399836700,2193.750000000,0.399663100,10850.244279300,0.399969200,70593.273854170,0.399643000,2193.750000000,0.399996700,2193.750000000,0.399630500,10466.879444350,0.400027400,7433.000000000,0.399554000,2193.750000000,0.400036700,2193.750000000,0.399534000,2193.750000000,0.400048800,51397.098005750,0.399512100,2193.750000000,0.400059800,7290.000000000,0.399474700,26008.399091670,0.400117400,2009.565673460,0.399472200,3197.770918960,0.400229200,2193.750000000,0.399471200,35048.700000000
2024-11-12T06:50:44.893611Z,0.399716700,61.249493250,0.399680200,2193.750000000,0.399836600,9595.394210780,0.399663100,10850.244279300,0.399836700,2193.750000000,0.399643000,2193.750000000,0.399969200,70593.273854170,0.399630500,10466.879444350,0.399996700,2193.750000000,0.399554000,2193.750000000,0.400027400,7433.000000000,0.399534000,2193.750000000,0.400036700,2193.750000000,0.399512100,2193.750000000,0.400048800,51397.098005750,0.399474700,26008.399091670,0.400059800,7290.000000000,0.399472200,3197.770918960,0.400117400,2009.565673460,0.399471200,35048.700000000
2024-11-12T06:50:44.896145Z,0.399716700,61.249493250,0.399680200,2193.750000000,0.399836600,9595.394210780,0.399663100,10850.244279300,0.399836700,2193.750000000,0.399643000,2193.750000000,0.399969200,70593.273854170,0.399630500,10466.879444350,0.399996700,2193.750000000,0.399554000,2193.750000000,0.400027400,7433.000000000,0.399534000,2193.750000000,0.400036700,2193.750000000,0.399512100,2193.750000000,0.400048800,51397.098005750,0.399474800,4009.200000000,0.400059800,7290.000000000,0.399474700,26008.399091670,0.400117400,2009.565673460,0.399472200,3197.770918960
2024-11-12T06:50:44.925535Z,0.399716700,61.249493250,0.399680200,2193.750000000,0.399836600,9595.394210780,0.399663100,10850.244279300,0.399836700,2193.750000000,0.399643000,2193.750000000,0.399969200,70593.273854170,0.399554000,2193.750000000,0.399996700,2193.750000000,0.399534000,2193.750000000,0.400027400,7433.000000000,0.399512100,2193.750000000,0.400036700,2193.750000000,0.399474800,4009.200000000,0.400048800,51397.098005750,0.399474700,26008.399091670,0.400059800,7290.000000000,0.399472200,3197.770918960,0.400117400,2009.565673460,0.399471200,35048.700000000
2024-11-12T06:50:44.925551Z,0.399716700,61.249493250,0.399680200,2193.750000000,0.399836600,9595.394210780,0.399643000,2193.750000000,0.399836700,2193.750000000,0.399554000,2193.750000000,0.399969200,70593.273854170,0.399534000,2193.750000000,0.399996700,2193.750000000,0.399512100,2193.750000000,0.400027400,7433.000000000,0.399474800,4009.200000000,0.400036700,2193.750000000,0.399474700,26008.399091670,0.400048800,51397.098005750,0.399472200,3197.770918960,0.400059800,7290.000000000,0.399471200,35048.700000000,0.400117400,2009.565673460,0.399432100,2193.750000000
2024-11-12T06:50:44.927875Z,0.399716700,61.249493250,0.399643000,2193.750000000,0.399836600,9595.394210780,0.399554000,2193.750000000,0.399836700,2193.750000000,0.399534000,2193.750000000,0.399969200,70593.273854170,0.399512100,2193.750000000,0.399996700,2193.750000000,0.399474800,4009.200000000,0.400027400,7433.000000000,0.399474700,26008.399091670,0.400036700,2193.750000000,0.399472200,3197.770918960,0.400048800,51397.098005750,0.399471200,35048.700000000,0.400059800,7290.000000000,0.399432100,2193.750000000,0.400117400,2009.565673460,0.399362300,63055.949795870
2024-11-12T06:50:44.928946Z,0.399716700,61.249493250,0.399643000,2193.750000000,0.399758800,15992.699126020,0.399554000,2193.750000000,0.399836600,9595.394210780,0.399534000,2193.750000000,0.399836700,2193.750000000,0.399512100,2193.750000000,0.399969200,70593.273854170,0.399474800,4009.200000000,0.399996700,2193.750000000,0.399474700,26008.399091670,0.400027400,7433.000000000,0.399472200,3197.770918960,0.400036700,2193.750000000,0.399471200,35048.700000000,0.400048800,51397.098005750,0.399432100,2193.750000000,0.400059800,7290.000000000,0.399362300,63055.949795870
2024-11-12T06:50:44.928976Z,0.399716700,61.249493250,0.399643000,2193.750000000,0.399758800,15992.699126020,0.399554000,2193.750000000,0.399836600,9595.394210780,0.399534000,2193.750000000,0.399836700,2193.750000000,0.399512100,2193.750000000,0.399892700,30954.188652290,0.399474800,4009.200000000,0.399969200,70593.273854170,0.399474700,26008.399091670,0.399996700,2193.750000000,0.399472200,3197.770918960,0.400027400,7433.000000000,0.399471200,35048.700000000,0.400036700,2193.750000000,0.399432100,2193.750000000,0.400048800,51397.098005750,0.399362300,63055.949795870
2024-11-12T06:50:44.929112Z,0.399716700,61.249493250,0.399643000,2193.750000000,0.399758800,15992.699126020,0.399554000,2193.750000000,0.399817300,9932.492063910,0.399534000,2193.750000000,0.399836600,9595.394210780,0.399512100,2193.750000000,0.399836700,2193.750000000,0.399474800,4009.200000000,0.399892700,30954.188652290,0.399474700,26008.399091670,0.399969200,70593.273854170,0.399472200,3197.770918960,0.399996700,2193.750000000,0.399471200,35048.700000000,0.400027400,7433.000000000,0.399432100,2193.750000000,0.400036700,2193.750000000,0.399362300,63055.949795870
2024-11-12T06:50:44.930426Z,0.399716700,61.249493250,0.399643000,4387.500000000,0.399758800,15992.699126020,0.399554000,2193.750000000,0.399817300,9932.492063910,0.399534000,2193.750000000,0.399836600,9595.394210780,0.399512100,2193.750000000,0.399836700,2193.750000000,0.399474800,4009.200000000,0.399892700,30954.188652290,0.399474700,26008.399091670,0.399969200,70593.273854170,0.399472200,3197.770918960,0.399996700,2193.750000000,0.399471200,35048.700000000,0.400027400,7433.000000000,0.399432100,2193.750000000,0.400036700,2193.750000000,0.399362300,63055.949795870
2024-11-12T06:50:44.930985Z,0.399716700,61.249493250,0.399643000,2193.750000000,0.399758800,15992.699126020,0.399554000,2193.750000000,0.399817300,9932.492063910,0.399534000,2193.750000000,0.399836600,9595.394210780,0.399512100,2193.750000000,0.399836700,2193.750000000,0.399474800,4009.200000000,0.399892700,30954.188652290,0.399474700,26008.399091670,0.399969200,70593.273854170,0.399472200,3197.770918960,0.399996700,2193.750000000,0.399471200,35048.700000000,0.400027400,7433.000000000,0.399432100,2193.750000000,0.400036700,2193.750000000,0.399362300,63055.949795870
2024-11-12T06:50:44.933319Z,0.399716700,61.249493250,0.399554000,2193.750000000,0.399758800,15992.699126020,0.399534000,2193.750000000,0.399817300,9932.492063910,0.399512100,2193.750000000,0.399836600,9595.394210780,0.399474800,4009.200000000,0.399836700,2193.750000000,0.399474700,26008.399091670,0.399892700,30954.188652290,0.399472200,3197.770918960,0.399969200,70593.273854170,0.399471200,35048.700000000,0.399996700,2193.750000000,0.399432100,2193.750000000,0.400027400,7433.000000000,0.399362300,63055.949795870,0.400036700,2193.750000000,0.399352100,2193.750000000
2024-11-12T06:50:44.935759Z,0.399716700,61.249493250,0.399554000,4387.500000000,0.399758800,15992.699126020,0.399534000,2193.750000000,0.399817300,9932.492063910,0.399512100,2193.750000000,0.399836600,9595.394210780,0.399474800,4009.200000000,0.399836700,2193.750000000,0.399474700,26008.399091670,0.399892700,30954.188652290,0.399472200,3197.770918960,0.399969200,70593.273854170,0.399471200,35048.700000000,0.399996700,2193.750000000,0.399432100,2193.750000000,0.400027400,7433.000000000,0.399362300,63055.949795870,0.400036700,2193.750000000,0.399352100,2193.750000000
2024-11-12T06:50:44.935814Z,0.399716700,61.249493250,0.399554000,4387.500000000,0.399758800,15992.699126020,0.399512100,2193.750000000,0.399817300,9932.492063910,0.399474800,4009.200000000,0.399836600,9595.394210780,0.399474700,26008.399091670,0.399836700,2193.750000000,0.399472200,3197.770918960,0.399892700,30954.188652290,0.399471200,35048.700000000,0.399969200,70593.273854170,0.399432100,2193.750000000,0.399996700,2193.750000000,0.399362300,63055.949795870,0.400027400,7433.000000000,0.399352100,2193.750000000,0.400036700,2193.750000000,0.399329600,30000.000000000
2024-11-12T06:50:44.937642Z,0.399716700,61.249493250,0.399554000,4387.500000000,0.399758800,15992.699126020,0.399512100,2193.750000000,0.399796700,2193.750000000,0.399474800,4009.200000000,0.399817300,9932.492063910,0.399474700,26008.399091670,0.399836600,9595.394210780,0.399472200,3197.770918960,0.399836700,2193.750000000,0.399471200,35048.700000000,0.399892700,30954.188652290,0.399432100,2193.750000000,0.399969200,70593.273854170,0.399362300,63055.949795870,0.399996700,2193.750000000,0.399352100,2193.750000000,0.400027400,7433.000000000,0.399329600,30000.000000000
2024-11-12T06:50:44.942275Z,0.399716700,61.249493250,0.399554000,4387.500000000,0.399758800,15992.699126020,0.399512100,2193.750000000,0.399796700,2193.750000000,0.399474800,4009.200000000,0.399817300,9932.492063910,0.399474700,26008.399091670,0.399836600,9595.394210780,0.399472200,3197.770918960,0.399836700,2193.750000000,0.399471200,35048.700000000,0.399892700,30954.188652290,0.399432100,2193.750000000,0.399916700,2193.750000000,0.399362300,63055.949795870,0.399969200,70593.273854170,0.399352100,2193.750000000,0.399996700,2193.750000000,0.399329600,30000.000000000
2024-11-12T06:50:45.000895Z,0.399716700,61.249493250,0.399554000,2193.750000000,0.399758800,15992.699126020,0.399512100,2193.750000000,0.399796700,2193.750000000,0.399474800,4009.200000000,0.399817300,9932.492063910,0.399474700,26008.399091670,0.399836600,9595.394210780,0.399472200,3197.770918960,0.399836700,2193.750000000,0.399471200,35048.700000000,0.399892700,30954.188652290,0.399432100,2193.750000000,0.399916700,2193.750000000,0.399362300,63055.949795870,0.399969200,70593.273854170,0.399352100,2193.750000000,0.399996700,2193.750000000,0.399329600,30000.000000000
2024-11-12T06:50:45.002132Z,0.399716700,61.249493250,0.399554100,229.074011440,0.399758800,15992.699126020,0.399554000,2193.750000000,0.399796700,2193.750000000,0.399512100,2193.750000000,0.399817300,9932.492063910,0.399474800,4009.200000000,0.399836600,9595.394210780,0.399474700,26008.399091670,0.399836700,2193.750000000,0.399472200,3197.770918960,0.399892700,30954.188652290,0.399471200,35048.700000000,0.399916700,2193.750000000,0.399432100,2193.750000000,0.399969200,70593.273854170,0.399362300,63055.949795870,0.399996700,2193.750000000,0.399352100,2193.750000000
2024-11-12T06:50:45.004433Z,0.399716700,61.249493250,0.399594000,2193.750000000,0.399758800,15992.699126020,0.399554100,229.074011440,0.399796700,2193.750000000,0.399554000,2193.750000000,0.399817300,9932.492063910,0.399512100,2193.750000000,0.399836600,9595.394210780,0.399474800,4009.200000000,0.399836700,2193.750000000,0.399474700,26008.399091670,0.399892700,30954.188652290,0.399472200,3197.770918960,0.399916700,2193.750000000,0.399471200,35048.700000000,0.399969200,70593.273854170,0.399432100,2193.750000000,0.399996700,2193.750000000,0.399362300,63055.949795870
2024-11-12T06:50:45.004464Z,0.399716700,61.249493250,0.399594000,2193.750000000,0.399758700,9595.394210780,0.399554100,229.074011440,0.399758800,15992.699126020,0.399554000,2193.750000000,0.399796700,2193.750000000,0.399512100,2193.750000000,0.399817300,9932.492063910,0.399474800,4009.200000000,0.399836600,9595.394210780,0.399474700,26008.399091670,0.399836700,2193.750000000,0.399472200,3197.770918960,0.399892700,30954.188652290,0.399471200,35048.700000000,0.399916700,2193.750000000,0.399432100,2193.750000000,0.399969200,70593.273854170,0.399362300,63055.949795870
2024-11-12T06:50:45.004481Z,0.399716700,61.249493250,0.399594000,2193.750000000,0.399758700,9595.394210780,0.399574000,2193.750000000,0.399758800,15992.699126020,0.399554100,229.074011440,0.399796700,2193.750000000,0.399554000,2193.750000000,0.399817300,9932.492063910,0.399512100,2193.750000000,0.399836600,9595.394210780,0.399474800,4009.200000000,0.399836700,2193.750000000,0.399474700,26008.399091670,0.399892700,30954.188652290,0.399472200,3197.770918960,0.399916700,2193.750000000,0.399471200,35048.700000000,0.399969200,70593.273854170,0.399432100,2193.750000000
2024-11-12T06:50:45.007167Z,0.399716700,61.249493250,0.399594000,2193.750000000,0.399758700,9595.394210780,0.399574000,2193.750000000,0.399758800,15992.699126020,0.399554100,229.074011440,0.399796700,2193.750000000,0.399512100,2193.750000000,0.399817300,9932.492063910,0.399474800,4009.200000000,0.399836600,9595.394210780,0.399474700,26008.399091670,0.399836700,2193.750000000,0.399472200,3197.770918960,0.399892700,30954.188652290,0.399471200,35048.700000000,0.399916700,2193.750000000,0.399432100,2193.750000000,0.399969200,70593.273854170,0.399362300,63055.949795870
2024-11-12T06:50:45.007224Z,0.399716700,61.249493250,0.399594000,4387.500000000,0.399758700,9595.394210780,0.399574000,2193.750000000,0.399758800,15992.699126020,0.399554100,229.074011440,0.399796700,2193.750000000,0.399512100,2193.750000000,0.399817300,9932.492063910,0.399474800,4009.200000000,0.399836600,9595.394210780,0.399474700,26008.399091670,0.399836700,2193.750000000,0.399472200,3197.770918960,0.399892700,30954.188652290,0.399471200,35048.700000000,0.399916700,2193.750000000,0.399432100,2193.750000000,0.399969200,70593.273854170,0.399362300,63055.949795870
2024-11-12T06:50:45.007441Z,0.399716700,61.249493250,0.399594000,4387.500000000,0.399758700,9595.394210780,0.399554100,229.074011440,0.399758800,15992.699126020,0.399512100,2193.750000000,0.399796700,2193.750000000,0.399474800,4009.200000000,0.399817300,9932.492063910,0.399474700,26008.399091670,0.399836600,9595.394210780,0.399472200,3197.770918960,0.399836700,2193.750000000,0.399471200,35048.700000000,0.399892700,30954.188652290,0.399432100,2193.750000000,0.399916700,2193.750000000,0.399362300,63055.949795870,0.399969200,70593.273854170,0.399352100,2193.750000000
2024-11-12T06:50:45.008196Z,0.399716700,61.249493250,0.399595200,10467.805388270,0.399758700,9595.394210780,0.399594000,4387.500000000,0.399758800,15992.699126020,0.399554100,229.074011440,0.399796700,2193.750000000,0.399512100,2193.750000000,0.399817300,9932.492063910,0.399474800,4009.200000000,0.399836600,9595.394210780,0.399474700,26008.399091670,0.399836700,2193.750000000,0.399472200,3197.770918960,0.399892700,30954.188652290,0.399471200,35048.700000000,0.399916700,2193.750000000,0.399432100,2193.750000000,0.399969200,70593.273854170,0.399362300,63055.949795870
2024-11-12T06:50:45.008457Z,0.399716700,61.249493250,0.399645300,10850.727607670,0.399758700,9595.394210780,0.399595200,10467.805388270,0.399758800,15992.699126020,0.399594000,4387.500000000,0.399796700,2193.750000000,0.399554100,229.074011440,0.399817300,9932.492063910,0.399512100,2193.750000000,0.399836600,9595.394210780,0.399474800,4009.200000000,0.399836700,2193.750000000,0.399474700,26008.399091670,0.399892700,30954.188652290,0.399472200,3197.770918960,0.399916700,2193.750000000,0.399471200,35048.700000000,0.399969200,70593.273854170,0.399432100,2193.750000000
2024-11-12T06:50:45.009035Z,0.399716700,61.249493250,0.399645300,10850.727607670,0.399758700,9595.394210780,0.399595200,10467.805388270,0.399758800,15992.699126020,0.399594000,4387.500000000,0.399796700,2193.750000000,0.399512200,229.098036240,0.399817300,9932.492063910,0.399512100,2193.750000000,0.399836600,9595.394210780,0.399474800,4009.200000000,0.399836700,2193.750000000,0.399474700,26008.399091670,0.399892700,30954.188652290,0.399472200,3197.770918960,0.399916700,2193.750000000,0.399471200,35048.700000000,0.399969200,70593.273854170,0.399432100,2193.750000000
2024-11-12T06:50:45.011753Z,0.399716700,61.249493250,0.399645300,10850.727607670,0.399758700,9595.394210780,0.399615100,2193.750000000,0.399758800,15992.699126020,0.399595200,10467.805388270,0.399796700,2193.750000000,0.399594000,4387.500000000,0.399817300,9932.492063910,0.399512200,229.098036240,0.399836600,9595.394210780,0.399512100,2193.750000000,0.399836700,2193.750000000,0.399474800,4009.200000000,0.399892700,30954.188652290,0.399474700,26008.399091670,0.399916700,2193.750000000,0.399472200,3197.770918960,0.399969200,70593.273854170,0.399471200,35048.700000000
2024-11-12T06:50:45.013285Z,0.399716700,61.249493250,0.399645300,10850.727607670,0.399758700,9595.394210780,0.399615100,2193.750000000,0.399758800,15992.699126020,0.399595200,10467.805388270,0.399796700,2193.750000000,0.399594000,4387.500000000,0.399817300,9932.492063910,0.399512100,2193.750000000,0.399836600,9595.394210780,0.399474900,229.119427720,0.399836700,2193.750000000,0.399474800,4009.200000000,0.399892700,30954.188652290,0.399474700,26008.399091670,0.399916700,2193.750000000,0.399472200,3197.770918960,0.399969200,70593.273854170,0.399471200,35048.700000000
2024-11-12T06:50:45.013851Z,0.399716700,61.249493250,0.399645300,10850.727607670,0.399758700,9595.394210780,0.399615100,2193.750000000,0.399758800,15992.699126020,0.399594000,4387.500000000,0.399796700,2193.750000000,0.399512100,2193.750000000,0.399817300,9932.492063910,0.399474900,229.119427720,0.399836600,9595.394210780,0.399474800,4009.200000000,0.399836700,2193.750000000,0.399474700,26008.399091670,0.399892700,30954.188652290,0.399472200,3197.770918960,0.399916700,2193.750000000,0.399471200,35048.700000000,0.399969200,70593.273854170,0.399432100,2193.750000000
2024-11-12T06:50:45.023561Z,0.399716700,61.249493250,0.399645300,10850.727607670,0.399758700,9595.394210780,0.399615100,2193.750000000,0.399758800,15992.699126020,0.399594000,2193.750000000,0.399796700,2193.750000000,0.399512100,2193.750000000,0.399817300,9932.492063910,0.399474900,229.119427720,0.399836600,9595.394210780,0.399474800,4009.200000000,0.399836700,2193.750000000,0.399474700,26008.399091670,0.399892700,30954.188652290,0.399472200,3197.770918960,0.399916700,2193.750000000,0.399471200,35048.700000000,0.399969200,70593.273854170,0.399432100,2193.750000000
2024-11-12T06:50:45.023684Z,0.399716700,61.249493250,0.399645700,2193.750000000,0.399758700,9595.394210780,0.399645300,10850.727607670,0.399758800,15992.699126020,0.399615100,2193.750000000,0.399796700,2193.750000000,0.399594000,2193.750000000,0.399817300,9932.492063910,0.399512100,2193.750000000,0.399836600,9595.394210780,0.399474900,229.119427720,0.399836700,2193.750000000,0.399474800,4009.200000000,0.399892700,30954.188652290,0.399474700,26008.399091670,0.399916700,2193.750000000,0.399472200,3197.770918960,0.399969200,70593.273854170,0.399471200,35048.700000000
2024-11-12T06:50:45.025580Z,0.399716700,61.249493250,0.399645700,2193.750000000,0.399758700,9595.394210780,0.399645300,10850.727607670,0.399758800,15992.699126020,0.399615100,2193.750000000,0.399796700,2193.750000000,0.399594000,2193.750000000,0.399817300,9932.492063910,0.399512100,2193.750000000,0.399828600,9072.709848430,0.399474900,229.119427720,0.399836600,9595.394210780,0.399474800,4009.200000000,0.399836700,2193.750000000,0.399474700,26008.399091670,0.399892700,30954.188652290,0.399472200,3197.770918960,0.399916700,2193.750000000,0.399471200,35048.700000000
2024-11-12T06:50:45.026620Z,0.399716700,61.249493250,0.399645700,2193.750000000,0.399758700,9595.394210780,0.399615100,2193.750000000,0.399758800,15992.699126020,0.399594000,2193.750000000,0.399796700,2193.750000000,0.399512100,2193.750000000,0.399817300,9932.492063910,0.399474900,229.119427720,0.399828600,9072.709848430,0.399474800,4009.200000000,0.399836600,9595.394210780,0.399474700,26008.399091670,0.399836700,2193.750000000,0.399472200,3197.770918960,0.399892700,30954.188652290,0.399471200,35048.700000000,0.399916700,2193.750000000,0.399432100,2193.750000000
2024-11-12T06:50:45.028724Z,0.399716700,61.249493250,0.399615100,2193.750000000,0.399758700,9595.394210780,0.399594000,2193.750000000,0.399758800,15992.699126020,0.399512100,2193.750000000,0.399796700,2193.750000000,0.399474900,229.119427720,0.399817300,9932.492063910,0.399474800,4009.200000000,0.399828600,9072.709848430,0.399474700,26008.399091670,0.399836600,9595.394210780,0.399472200,3197.770918960,0.399836700,2193.750000000,0.399471200,35048.700000000,0.399892700,30954.188652290,0.399432100,2193.750000000,0.399916700,2193.750000000,0.399362300,63055.949795870
2024-11-12T06:50:45.031546Z,0.399716700,61.249493250,0.399615100,2193.750000000,0.399758700,9595.394210780,0.399594000,2193.750000000,0.399758800,15992.699126020,0.399512100,2193.750000000,0.399796700,2193.750000000,0.399474900,229.119427720,0.399817300,9932.492063910,0.399474700,26008.399091670,0.399828600,9072.709848430,0.399472200,3197.770918960,0.399836600,9595.394210780,0.399471200,35048.700000000,0.399836700,2193.750000000,0.399432100,2193.750000000,0.399892700,30954.188652290,0.399362300,63055.949795870,0.399916700,2193.750000000,0.399352100,2193.750000000
2024-11-12T06:50:45.035587Z,0.399716700,61.249493250,0.399615100,2193.750000000,0.399758700,9595.394210780,0.399594000,2193.750000000,0.399758800,15992.699126020,0.399512100,2193.750000000,0.399796700,2193.750000000,0.399474900,229.119427720,0.399817300,9932.492063910,0.399474700,26008.399091670,0.399836600,9595.394210780,0.399472200,3197.770918960,0.399836700,2193.750000000,0.399471200,35048.700000000,0.399892700,30954.188652290,0.399432100,2193.750000000,0.399916700,2193.750000000,0.399362300,63055.949795870,0.399969200,70593.273854170,0.399352100,2193.750000000
2024-11-12T06:50:45.035748Z,0.399716700,61.249493250,0.399615100,2193.750000000,0.399758700,9595.394210780,0.399594000,2193.750000000,0.399758800,15992.699126020,0.399512100,2193.750000000,0.399796700,2193.750000000,0.399474900,229.119427720,0.399817300,9932.492063910,0.399474700,26008.399091670,0.399836700,2193.750000000,0.399472200,3197.770918960,0.399892700,30954.188652290,0.399471200,35048.700000000,0.399916700,2193.750000000,0.399432100,2193.750000000,0.399969200,70593.273854170,0.399362300,63055.949795870,0.399996700,2193.750000000,0.399352100,2193.750000000
2024-11-12T06:50:45.038505Z,0.399716700,61.249493250,0.399615100,2193.750000000,0.399758700,9595.394210780,0.399594000,2193.750000000,0.399758800,15992.699126020,0.399512100,2193.750000000,0.399787600,9933.230430050,0.399474900,229.119427720,0.399796700,2193.750000000,0.399474700,26008.399091670,0.399817300,9932.492063910,0.399472200,3197.770918960,0.399836700,2193.750000000,0.399471200,35048.700000000,0.399892700,30954.188652290,0.399432100,2193.750000000,0.399916700,2193.750000000,0.399362300,63055.949795870,0.399969200,70593.273854170,0.399352100,2193.750000000
2024-11-12T06:50:45.048837Z,0.399716700,61.249493250,0.399594000,2193.750000000,0.399758700,9595.394210780,0.399512100,2193.750000000,0.399758800,15992.699126020,0.399474900,229.119427720,0.399787600,9933.230430050,0.399474700,26008.399091670,0.399796700,2193.750000000,0.399472200,3197.770918960,0.399817300,9932.492063910,0.399471200,35048.700000000,0.399836700,2193.750000000,0.399432100,2193.750000000,0.399892700,30954.188652290,0.399362300,63055.949795870,0.399916700,2193.750000000,0.399352100,2193.750000000,0.399969200,70593.273854170,0.399329600,30000.000000000
2024-11-12T06:50:45.048869Z,0.399716700,61.249493250,0.399512100,2193.750000000,0.399758700,9595.394210780,0.399474900,229.119427720,0.399758800,15992.699126020,0.399474700,26008.399091670,0.399787600,9933.230430050,0.399472200,3197.770918960,0.399796700,2193.750000000,0.399471200,35048.700000000,0.399817300,9932.492063910,0.399432100,2193.750000000,0.399836700,2193.750000000,0.399362300,63055.949795870,0.399892700,30954.188652290,0.399352100,2193.750000000,0.399916700,2193.750000000,0.399329600,30000.000000000,0.399969200,70593.273854170,0.399329500,9595.394210780
2024-11-12T06:50:45.048918Z,0.399715100,2193.750000000,0.399512100,2193.750000000,0.399716700,61.249493250,0.399474900,229.119427720,0.399758700,9595.394210780,0.399474700,26008.399091670,0.399758800,15992.699126020,0.399472200,3197.770918960,0.399787600,9933.230430050,0.399471200,35048.700000000,0.399796700,2193.750000000,0.399432100,2193.750000000,0.399817300,9932.492063910,0.399362300,63055.949795870,0.399836700,2193.750000000,0.399352100,2193.750000000,0.399892700,30954.188652290,0.399329600,30000.000000000,0.399916700,2193.750000000,0.399329500,9595.394210780
2024-11-12T06:50:45.051333Z,0.399715100,2193.750000000,0.399512100,4387.500000000,0.399716700,61.249493250,0.399474900,229.119427720,0.399758700,9595.394210780,0.399474700,26008.399091670,0.399758800,15992.699126020,0.399472200,3197.770918960,0.399787600,9933.230430050,0.399471200,35048.700000000,0.399796700,2193.750000000,0.399432100,2193.750000000,0.399817300,9932.492063910,0.399362300,63055.949795870,0.399836700,2193.750000000,0.399352100,2193.750000000,0.399892700,30954.188652290,0.399329600,30000.000000000,0.399916700,2193.750000000,0.399329500,9595.394210780
2024-11-12T06:50:45.053040Z,0.399715100,4387.500000000,0.399512100,4387.500000000,0.399716700,61.249493250,0.399474900,229.119427720,0.399758700,9595.394210780,0.399474700,26008.399091670,0.399758800,15992.699126020,0.399472200,3197.770918960,0.399787600,9933.230430050,0.399471200,35048.700000000,0.399796700,2193.750000000,0.399432100,2193.750000000,0.399817300,9932.492063910,0.399362300,63055.949795870,0.399836700,2193.750000000,0.399352100,2193.750000000,0.399892700,30954.188652290,0.399329600,30000.000000000,0.399916700,2193.750000000,0.399329500,9595.394210780
2024-11-12T06:50:45.063891Z,0.399715100,2193.750000000,0.399512100,4387.500000000,0.399716700,61.249493250,0.399474900,229.119427720,0.399758700,9595.394210780,0.399474700,26008.399091670,0.399758800,15992.699126020,0.399472200,3197.770918960,0.399787600,9933.230430050,0.399471200,35048.700000000,0.399796700,2193.750000000,0.399432100,2193.750000000,0.399817300,9932.492063910,0.399362300,63055.949795870,0.399836700,2193.750000000,0.399352100,2193.750000000,0.399892700,30954.188652290,0.399329600,30000.000000000,0.399916700,2193.750000000,0.399329500,9595.394210780
2024-11-12T06:50:45.064706Z,0.399716700,61.249493250,0.399512100,4387.500000000,0.399758700,9595.394210780,0.399474900,229.119427720,0.399758800,15992.699126020,0.399474700,26008.399091670,0.399787600,9933.230430050,0.399472200,3197.770918960,0.399796700,2193.750000000,0.399471200,35048.700000000,0.399817300,9932.492063910,0.399432100,2193.750000000,0.399836700,2193.750000000,0.399362300,63055.949795870,0.399892700,30954.188652290,0.399352100,2193.750000000,0.399916700,2193.750000000,0.399329600,30000.000000000,0.399969200,70593.273854170,0.399329500,9595.394210780
2024-11-12T06:50:45.067380Z,0.399715000,9595.394210780,0.399512100,4387.500000000,0.399716700,61.249493250,0.399474900,229.119427720,0.399758700,9595.394210780,0.399474700,26008.399091670,0.399758800,15992.699126020,0.399472200,3197.770918960,0.399787600,9933.230430050,0.399471200,35048.700000000,0.399796700,2193.750000000,0.399432100,2193.750000000,0.399817300,9932.492063910,0.399362300,63055.949795870,0.399836700,2193.750000000,0.399352100,2193.750000000,0.399892700,30954.188652290,0.399329600,30000.000000000,0.399916700,2193.750000000,0.399329500,9595.394210780
2024-11-12T06:50:45.072349Z,0.399715000,9595.394210780,0.399512100,4387.500000000,0.399716700,61.249493250,0.399474900,229.119427720,0.399755000,2193.750000000,0.399474700,26008.399091670,0.399758700,9595.394210780,0.399472200,3197.770918960,0.399758800,15992.699126020,0.399471200,35048.700000000,0.399787600,9933.230430050,0.399432100,2193.750000000,0.399796700,2193.750000000,0.399362300,63055.949795870,0.399817300,9932.492063910,0.399352100,2193.750000000,0.399836700,2193.750000000,0.399329600,30000.000000000,0.399892700,30954.188652290,0.399329500,9595.394210780
2024-11-12T06:50:45.096079Z,0.399715000,9595.394210780,0.399514100,11019.167948370,0.399716700,61.249493250,0.399512100,4387.500000000,0.399755000,2193.750000000,0.399474900,229.119427720,0.399758700,9595.394210780,0.399474700,26008.399091670,0.399758800,15992.699126020,0.399472200,3197.770918960,0.399787600,9933.230430050,0.399471200,35048.700000000,0.399796700,2193.750000000,0.399432100,2193.750000000,0.399817300,9932.492063910,0.399362300,63055.949795870,0.399836700,2193.750000000,0.399352100,2193.750000000,0.399892700,30954.188652290,0.399329600,30000.000000000
2024-11-12T06:50:45.096420Z,0.399715000,9595.394210780,0.399514100,38017.621674250,0.399716700,61.249493250,0.399512100,4387.500000000,0.399755000,2193.750000000,0.399474900,229.119427720,0.399758700,9595.394210780,0.399474700,26008.399091670,0.399758800,15992.699126020,0.399472200,3197.770918960,0.399787600,9933.230430050,0.399471200,35048.700000000,0.399796700,2193.750000000,0.399432100,2193.750000000,0.399817300,9932.492063910,0.399362300,63055.949795870,0.399836700,2193.750000000,0.399352100,2193.750000000,0.399892700,30954.188652290,0.399329600,30000.000000000
2024-11-12T06:50:45.098302Z,0.399715000,9595.394210780,0.399554000,2193.750000000,0.399716700,61.249493250,0.399514100,38017.621674250,0.399755000,2193.750000000,0.399512100,4387.500000000,0.399758700,9595.394210780,0.399474900,229.119427720,0.399758800,15992.699126020,0.399474700,26008.399091670,0.399787600,9933.230430050,0.399472200,3197.770918960,0.399796700,2193.750000000,0.399471200,35048.700000000,0.399817300,9932.492063910,0.399432100,2193.750000000,0.399836700,2193.750000000,0.399362300,63055.949795870,0.399892700,30954.188652290,0.399352100,2193.750000000
2024-11-12T06:50:45.098385Z,0.399715000,9595.394210780,0.399554000,2193.750000000,0.399716700,61.249493250,0.399534000,2193.750000000,0.399755000,2193.750000000,0.399514100,38017.621674250,0.399758700,9595.394210780,0.399512100,4387.500000000,0.399758800,15992.699126020,0.399474900,229.119427720,0.399787600,9933.230430050,0.399474700,26008.399091670,0.399796700,2193.750000000,0.399472200,3197.770918960,0.399817300,9932.492063910,0.399471200,35048.700000000,0.399836700,2193.750000000,0.399432100,2193.750000000,0.399892700,30954.188652290,0.399362300,63055.949795870
2024-11-12T06:50:45.099312Z,0.399715000,9595.394210780,0.399554000,2193.750000000,0.399716700,61.249493250,0.399534000,2193.750000000,0.399755000,2193.750000000,0.399514100,38017.621674250,0.399758800,15992.699126020,0.399512100,4387.500000000,0.399787600,9933.230430050,0.399474900,229.119427720,0.399796700,2193.750000000,0.399474700,26008.399091670,0.399817300,9932.492063910,0.399472200,3197.770918960,0.399836700,2193.750000000,0.399471200,35048.700000000,0.399892700,30954.188652290,0.399432100,2193.750000000,0.399916700,2193.750000000,0.399362300,63055.949795870
2024-11-12T06:50:45.099527Z,0.399715000,9595.394210780,0.399554000,2193.750000000,0.399716700,61.249493250,0.399534000,2193.750000000,0.399755000,2193.750000000,0.399514100,11019.167948370,0.399758800,15992.699126020,0.399512100,4387.500000000,0.399787600,9933.230430050,0.399474900,229.119427720,0.399796700,2193.750000000,0.399474700,26008.399091670,0.399817300,9932.492063910,0.399472200,3197.770918960,0.399836700,2193.750000000,0.399471200,35048.700000000,0.399892700,30954.188652290,0.399432100,2193.750000000,0.399916700,2193.750000000,0.399362300,63055.949795870
2024-11-12T06:50:45.099650Z,0.399715000,9595.394210780,0.399554000,2193.750000000,0.399716700,61.249493250,0.399534000,2193.750000000,0.399755000,2193.750000000,0.399512100,4387.500000000,0.399758800,15992.699126020,0.399474900,229.119427720,0.399787600,9933.230430050,0.399474700,26008.399091670,0.399796700,2193.750000000,0.399472200,3197.770918960,0.399817300,9932.492063910,0.399471200,35048.700000000,0.399836700,2193.750000000,0.399432100,2193.750000000,0.399892700,30954.188652290,0.399362300,63055.949795870,0.399916700,2193.750000000,0.399352100,2193.750000000
2024-11-12T06:50:45.100738Z,0.399715000,9595.394210780,0.399554000,4387.500000000,0.399716700,61.249493250,0.399534000,2193.750000000,0.399755000,2193.750000000,0.399512100,4387.500000000,0.399758800,15992.699126020,0.399474900,229.119427720,0.399787600,9933.230430050,0.399474700,26008.399091670,0.399796700,2193.750000000,0.399472200,3197.770918960,0.399817300,9932.492063910,0.399471200,35048.700000000,0.399836700,2193.750000000,0.399432100,2193.750000000,0.399892700,30954.188652290,0.399362300,63055.949795870,0.399916700,2193.750000000,0.399352100,2193.750000000
2024-11-12T06:50:45.100833Z,0.399715000,9595.394210780,0.399554000,4387.500000000,0.399716700,61.249493250,0.399534000,2193.750000000,0.399755000,2193.750000000,0.399512100,2193.750000000,0.399758800,15992.699126020,0.399474900,229.119427720,0.399787600,9933.230430050,0.399474700,26008.399091670,0.399796700,2193.750000000,0.399472200,3197.770918960,0.399817300,9932.492063910,0.399471200,35048.700000000,0.399836700,2193.750000000,0.399432100,2193.750000000,0.399892700,30954.188652290,0.399362300,63055.949795870,0.399916700,2193.750000000,0.399352100,2193.750000000
2024-11-12T06:50:45.100993Z,0.399715000,9595.394210780,0.399554000,4387.500000000,0.399716700,61.249493250,0.399512100,2193.750000000,0.399755000,2193.750000000,0.399474900,229.119427720,0.399758800,15992.699126020,0.399474700,26008.399091670,0.399787600,9933.230430050,0.399472200,3197.770918960,0.399796700,2193.750000000,0.399471200,35048.700000000,0.399817300,9932.492063910,0.399432100,2193.750000000,0.399836700,2193.750000000,0.399362300,63055.949795870,0.399892700,30954.188652290,0.399352100,2193.750000000,0.399916700,2193.750000000,0.399329600,30000.000000000
2024-11-12T06:50:45.111492Z,0.399715000,11789.144210780,0.399554000,4387.500000000,0.399716700,61.249493250,0.399512100,2193.750000000,0.399755000,2193.750000000,0.399474900,229.119427720,0.399758800,15992.699126020,0.399474700,26008.399091670,0.399787600,9933.230430050,0.399472200,3197.770918960,0.399796700,2193.750000000,0.399471200,35048.700000000,0.399817300,9932.492063910,0.399432100,2193.750000000,0.399836700,2193.750000000,0.399362300,63055.949795870,0.399892700,30954.188652290,0.399352100,2193.750000000,0.399916700,2193.750000000,0.399329600,30000.000000000
2024-11-12T06:50:45.111901Z,0.399697700,2193.750000000,0.399554000,4387.500000000,0.399715000,11789.144210780,0.399512100,2193.750000000,0.399716700,61.249493250,0.399474900,229.119427720,0.399755000,2193.750000000,0.399474700,26008.399091670,0.399758800,15992.699126020,0.399472200,3197.770918960,0.399787600,9933.230430050,0.399471200,35048.700000000,0.399796700,2193.750000000,0.399432100,2193.750000000,0.399817300,9932.492063910,0.399362300,63055.949795870,0.399836700,2193.750000000,0.399352100,2193.750000000,0.399892700,30954.188652290,0.399329600,30000.000000000
2024-11-12T06:50:45.114271Z,0.399697700,2193.750000000,0.399554000,4387.500000000,0.399715000,9595.394210780,0.399512100,2193.750000000,0.399716700,61.249493250,0.399474900,229.119427720,0.399755000,2193.750000000,0.399474700,26008.399091670,0.399758800,15992.699126020,0.399472200,3197.770918960,0.399787600,9933.230430050,0.399471200,35048.700000000,0.399796700,2193.750000000,0.399432100,2193.750000000,0.399817300,9932.492063910,0.399362300,63055.949795870,0.399836700,2193.750000000,0.399352100,2193.750000000,0.399892700,30954.188652290,0.399329600,30000.000000000
2024-11-12T06:50:45.115597Z,0.399697700,2193.750000000,0.399555600,10468.843298980,0.399715000,9595.394210780,0.399554000,4387.500000000,0.399716700,61.249493250,0.399512100,2193.750000000,0.399755000,2193.750000000,0.399474900,229.119427720,0.399758800,15992.699126020,0.399474700,26008.399091670,0.399787600,9933.230430050,0.399472200,3197.770918960,0.399796700,2193.750000000,0.399471200,35048.700000000,0.399817300,9932.492063910,0.399432100,2193.750000000,0.399836700,2193.750000000,0.399362300,63055.949795870,0.399892700,30954.188652290,0.399352100,2193.750000000
2024-11-12T06:50:45.116684Z,0.399715000,9595.394210780,0.399555600,10468.843298980,0.399716700,61.249493250,0.399554000,4387.500000000,0.399755000,2193.750000000,0.399512100,2193.750000000,0.399758800,15992.699126020,0.399474900,229.119427720,0.399787600,9933.230430050,0.399474700,26008.399091670,0.399796700,2193.750000000,0.399472200,3197.770918960,0.399817300,9932.492063910,0.399471200,35048.700000000,0.399836700,2193.750000000,0.399432100,2193.750000000,0.399892700,30954.188652290,0.399362300,63055.949795870,0.399916700,2193.750000000,0.399352100,2193.750000000
2024-11-12T06:50:45.118048Z,0.399715000,9595.394210780,0.399575500,2193.750000000,0.399716700,61.249493250,0.399555600,10468.843298980,0.399755000,2193.750000000,0.399554000,4387.500000000,0.399758800,15992.699126020,0.399512100,2193.750000000,0.399787600,9933.230430050,0.399474900,229.119427720,0.399796700,2193.750000000,0.399474700,26008.399091670,0.399817300,9932.492063910,0.399472200,3197.770918960,0.399836700,2193.750000000,0.399471200,35048.700000000,0.399892700,30954.188652290,0.399432100,2193.750000000,0.399916700,2193.750000000,0.399362300,63055.949795870
2024-11-12T06:50:45.118729Z,0.399715000,9595.394210780,0.399638700,10850.905455830,0.399716700,61.249493250,0.399575500,2193.750000000,0.399755000,2193.750000000,0.399555600,10468.843298980,0.399758800,15992.699126020,0.399554000,4387.500000000,0.399787600,9933.230430050,0.399512100,2193.750000000,0.399796700,2193.750000000,0.399474900,229.119427720,0.399817300,9932.492063910,0.399474700,26008.399091670,0.399836700,2193.750000000,0.399472200,3197.770918960,0.399892700,30954.188652290,0.399471200,35048.700000000,0.399916700,2193.750000000,0.399432100,2193.750000000
2024-11-12T06:50:45.119607Z,0.399715000,9595.394210780,0.399638700,10850.905455830,0.399716700,61.249493250,0.399575500,2193.750000000,0.399755000,2193.750000000,0.399554000,4387.500000000,0.399758800,15992.699126020,0.399512100,2193.750000000,0.399787600,9933.230430050,0.399474900,229.119427720,0.399796700,2193.750000000,0.399474700,26008.399091670,0.399817300,9932.492063910,0.399472200,3197.770918960,0.399836700,2193.750000000,0.399471200,35048.700000000,0.399892700,30954.188652290,0.399432100,2193.750000000,0.399916700,2193.750000000,0.399362300,63055.949795870
2024-11-12T06:50:45.120827Z,0.399715000,9595.394210780,0.399638700,10850.905455830,0.399716700,61.249493250,0.399575500,2193.750000000,0.399758800,15992.699126020,0.399554000,4387.500000000,0.399787600,9933.230430050,0.399512100,2193.750000000,0.399796700,2193.750000000,0.399474900,229.119427720,0.399817300,9932.492063910,0.399474700,26008.399091670,0.399836700,2193.750000000,0.399472200,3197.770918960,0.399892700,30954.188652290,0.399471200,35048.700000000,0.399916700,2193.750000000,0.399432100,2193.750000000,0.399969200,70593.273854170,0.399362300,63055.949795870
2024-11-12T06:50:45.123352Z,0.399715000,9595.394210780,0.399638700,10850.905455830,0.399716700,61.249493250,0.399575500,2193.750000000,0.399755000,2193.750000000,0.399554000,4387.500000000,0.399758800,15992.699126020,0.399512100,2193.750000000,0.399787600,9933.230430050,0.399474900,229.119427720,0.399796700,2193.750000000,0.399474700,26008.399091670,0.399817300,9932.492063910,0.399472200,3197.770918960,0.399836700,2193.750000000,0.399471200,35048.700000000,0.399892700,30954.188652290,0.399432100,2193.750000000,0.399916700,2193.750000000,0.399362300,63055.949795870
2024-11-12T06:50:45.123869Z,0.399715000,9595.394210780,0.399638700,10850.905455830,0.399716700,61.249493250,0.399575500,2193.750000000,0.399755000,2193.750000000,0.399554000,4387.500000000,0.399758800,15992.699126020,0.399512100,2193.750000000,0.399787600,9933.230430050,0.399474800,229.119485070,0.399796700,2193.750000000,0.399474700,26008.399091670,0.399817300,9932.492063910,0.399472200,3197.770918960,0.399836700,2193.750000000,0.399471200,35048.700000000,0.399892700,30954.188652290,0.399432100,2193.750000000,0.399916700,2193.750000000,0.399362300,63055.949795870
2024-11-12T06:50:45.129904Z,0.399711600,2193.750000000,0.399638700,10850.905455830,0.399715000,9595.394210780,0.399575500,2193.750000000,0.399716700,61.249493250,0.399554000,4387.500000000,0.399755000,2193.750000000,0.399512100,2193.750000000,0.399758800,15992.699126020,0.399474800,229.119485070,0.399787600,9933.230430050,0.399474700,26008.399091670,0.399796700,2193.750000000,0.399472200,3197.770918960,0.399817300,9932.492063910,0.399471200,35048.700000000,0.399836700,2193.750000000,0.399432100,2193.750000000,0.399892700,30954.188652290,0.399362300,63055.949795870
2024-11-12T06:50:45.130144Z,0.399711600,2193.750000000,0.399638700,10850.905455830,0.399715000,11789.144210780,0.399575500,2193.750000000,0.399716700,61.249493250,0.399554000,4387.500000000,0.399755000,2193.750000000,0.399512100,2193.750000000,0.399758800,15992.699126020,0.399474800,229.119485070,0.399787600,9933.230430050,0.399474700,26008.399091670,0.399796700,2193.750000000,0.399472200,3197.770918960,0.399817300,9932.492063910,0.399471200,35048.700000000,0.399836700,2193.750000000,0.399432100,2193.750000000,0.399892700,30954.188652290,0.399362300,63055.949795870
2024-11-12T06:50:45.131354Z,0.399711600,2193.750000000,0.399638700,10850.905455830,0.399715000,11789.144210780,0.399575500,2193.750000000,0.399716700,61.249493250,0.399554000,4387.500000000,0.399755000,2193.750000000,0.399512100,2193.750000000,0.399758800,15992.699126020,0.399474900,4000.000000000,0.399787600,9933.230430050,0.399474800,229.119485070,0.399796700,2193.750000000,0.399474700,26008.399091670,0.399817300,9932.492063910,0.399472200,3197.770918960,0.399836700,2193.750000000,0.399471200,35048.700000000,0.399892700,30954.188652290,0.399432100,2193.750000000
2024-11-12T06:50:45.132034Z,0.399711600,2193.750000000,0.399638700,10850.905455830,0.399715000,11789.144210780,0.399575500,2193.750000000,0.399716700,61.249493250,0.399554000,2193.750000000,0.399755000,2193.750000000,0.399512100,2193.750000000,0.399758800,15992.699126020,0.399474900,4000.000000000,0.399787600,9933.230430050,0.399474800,229.119485070,0.399796700,2193.750000000,0.399474700,26008.399091670,0.399817300,9932.492063910,0.399472200,3197.770918960,0.399836700,2193.750000000,0.399471200,35048.700000000,0.399892700,30954.188652290,0.399432100,2193.750000000
2024-11-12T06:50:45.132564Z,0.399711600,2193.750000000,0.399638700,10850.905455830,0.399715000,11789.144210780,0.399554000,2193.750000000,0.399716700,61.249493250,0.399512100,2193.750000000,0.399755000,2193.750000000,0.399474900,4000.000000000,0.399758800,15992.699126020,0.399474800,229.119485070,0.399787600,9933.230430050,0.399474700,26008.399091670,0.399796700,2193.750000000,0.399472200,3197.770918960,0.399817300,9932.492063910,0.399471200,35048.700000000,0.399836700,2193.750000000,0.399432100,2193.750000000,0.399892700,30954.188652290,0.399362300,63055.949795870
2024-11-12T06:50:45.133557Z,0.399711500,9595.394210780,0.399638700,10850.905455830,0.399711600,2193.750000000,0.399554000,2193.750000000,0.399715000,11789.144210780,0.399512100,2193.750000000,0.399716700,61.249493250,0.399474900,4000.000000000,0.399755000,2193.750000000,0.399474800,229.119485070,0.399758800,15992.699126020,0.399474700,26008.399091670,0.399787600,9933.230430050,0.399472200,3197.770918960,0.399796700,2193.750000000,0.399471200,35048.700000000,0.399817300,9932.492063910,0.399432100,2193.750000000,0.399836700,2193.750000000,0.399362300,63055.949795870
2024-11-12T06:50:45.133690Z,0.399711500,9595.394210780,0.399638700,10850.905455830,0.399711600,2193.750000000,0.399554000,2193.750000000,0.399715000,11789.144210780,0.399512100,2193.750000000,0.399716700,61.249493250,0.399474900,4000.000000000,0.399755000,2193.750000000,0.399474800,229.119485070,0.399787600,9933.230430050,0.399474700,26008.399091670,0.399796700,2193.750000000,0.399472200,3197.770918960,0.399817300,9932.492063910,0.399471200,35048.700000000,0.399836700,2193.750000000,0.399432100,2193.750000000,0.399892700,30954.188652290,0.399362300,63055.949795870
2024-11-12T06:50:45.134655Z,0.399711500,9595.394210780,0.399638700,10850.905455830,0.399711600,2193.750000000,0.399554000,2193.750000000,0.399715000,11789.144210780,0.399512100,2193.750000000,0.399716700,61.249493250,0.399475000,4009.200000000,0.399755000,2193.750000000,0.399474900,4000.000000000,0.399787600,9933.230430050,0.399474800,229.119485070,0.399796700,2193.750000000,0.399474700,26008.399091670,0.399817300,9932.492063910,0.399472200,3197.770918960,0.399836700,2193.750000000,0.399471200,35048.700000000,0.399892700,30954.188652290,0.399432100,2193.750000000
2024-11-12T06:50:45.136118Z,0.399697300,2193.750000000,0.399638700,10850.905455830,0.399711500,9595.394210780,0.399554000,2193.750000000,0.399711600,2193.750000000,0.399512100,2193.750000000,0.399715000,11789.144210780,0.399475000,4009.200000000,0.399716700,61.249493250,0.399474900,4000.000000000,0.399755000,2193.750000000,0.399474800,229.119485070,0.399787600,9933.230430050,0.399474700,26008.399091670,0.399796700,2193.750000000,0.399472200,3197.770918960,0.399817300,9932.492063910,0.399471200,35048.700000000,0.399836700,2193.750000000,0.399432100,2193.750000000
2024-11-12T06:50:45.136138Z,0.399697300,2193.750000000,0.399638700,10850.905455830,0.399711500,9595.394210780,0.399554000,2193.750000000,0.399711600,2193.750000000,0.399512100,2193.750000000,0.399715000,9595.394210780,0.399475000,4009.200000000,0.399716700,61.249493250,0.399474900,4000.000000000,0.399755000,2193.750000000,0.399474800,229.119485070,0.399787600,9933.230430050,0.399474700,26008.399091670,0.399796700,2193.750000000,0.399472200,3197.770918960,0.399817300,9932.492063910,0.399471200,35048.700000000,0.399836700,2193.750000000,0.399432100,2193.750000000
2024-11-12T06:50:45.136260Z,0.399697300,2193.750000000,0.399638700,10850.905455830,0.399711500,9595.394210780,0.399554000,2193.750000000,0.399711600,2193.750000000,0.399512100,2193.750000000,0.399715000,9595.394210780,0.399475000,4009.200000000,0.399716700,61.249493250,0.399474900,4000.000000000,0.399748000,15993.133609970,0.399474800,229.119485070,0.399755000,2193.750000000,0.399474700,26008.399091670,0.399787600,9933.230430050,0.399472200,3197.770918960,0.399796700,2193.750000000,0.399471200,35048.700000000,0.399817300,9932.492063910,0.399432100,2193.750000000
2024-11-12T06:50:45.137567Z,0.399697300,2193.750000000,0.399638700,10850.905455830,0.399711500,9595.394210780,0.399554000,2193.750000000,0.399715000,9595.394210780,0.399512100,2193.750000000,0.399716700,61.249493250,0.399475000,4009.200000000,0.399748000,15993.133609970,0.399474900,4000.000000000,0.399755000,2193.750000000,0.399474800,229.119485070,0.399787600,9933.230430050,0.399474700,26008.399091670,0.399796700,2193.750000000,0.399472200,3197.770918960,0.399817300,9932.492063910,0.399471200,35048.700000000,0.399836700,2193.750000000,0.399432100,2193.750000000
2024-11-12T06:50:45.138820Z,0.399711500,9595.394210780,0.399638700,10850.905455830,0.399715000,9595.394210780,0.399554000,2193.750000000,0.399716700,61.249493250,0.399512100,2193.750000000,0.399748000,15993.133609970,0.399475000,4009.200000000,0.399755000,2193.750000000,0.399474900,4000.000000000,0.399787600,9933.230430050,0.399474800,229.119485070,0.399796700,2193.750000000,0.399474700,26008.399091670,0.399817300,9932.492063910,0.399472200,3197.770918960,0.399836700,2193.750000000,0.399471200,35048.700000000,0.399892700,30954.188652290,0.399432100,2193.750000000
2024-11-12T06:50:45.138944Z,0.399711500,9595.394210780,0.399638700,10850.905455830,0.399715000,9595.394210780,0.399554000,2193.750000000,0.399716700,61.249493250,0.399512100,2193.750000000,0.399755000,2193.750000000,0.399475000,4009.200000000,0.399787600,9933.230430050,0.399474900,4000.000000000,0.399796700,2193.750000000,0.399474800,229.119485070,0.399817300,9932.492063910,0.399474700,26008.399091670,0.399836700,2193.750000000,0.399472200,3197.770918960,0.399892700,30954.188652290,0.399471200,35048.700000000,0.399916700,2193.750000000,0.399432100,2193.750000000
2024-11-12T06:50:45.141145Z,0.399708400,2193.750000000,0.399638700,10850.905455830,0.399711500,9595.394210780,0.399554000,2193.750000000,0.399715000,9595.394210780,0.399512100,2193.750000000,0.399716700,61.249493250,0.399475000,4009.200000000,0.399755000,2193.750000000,0.399474900,4000.000000000,0.399787600,9933.230430050,0.399474800,229.119485070,0.399796700,2193.750000000,0.399474700,26008.399091670,0.399817300,9932.492063910,0.399472200,3197.770918960,0.399836700,2193.750000000,0.399471200,35048.700000000,0.399892700,30954.188652290,0.399432100,2193.750000000
2024-11-12T06:50:45.146057Z,0.399708400,2193.750000000,0.399554000,2193.750000000,0.399711500,9595.394210780,0.399512100,2193.750000000,0.399715000,9595.394210780,0.399475000,4009.200000000,0.399716700,61.249493250,0.399474900,4000.000000000,0.399755000,2193.750000000,0.399474800,229.119485070,0.399787600,9933.230430050,0.399474700,26008.399091670,0.399796700,2193.750000000,0.399472200,3197.770918960,0.399817300,9932.492063910,0.399471200,35048.700000000,0.399836700,2193.750000000,0.399432100,2193.750000000,0.399892700,30954.188652290,0.399362300,63055.949795870
2024-11-12T06:50:45.147784Z,0.399711500,9595.394210780,0.399554000,2193.750000000,0.399715000,9595.394210780,0.399512100,2193.750000000,0.399716700,61.249493250,0.399475000,4009.200000000,0.399755000,2193.750000000,0.399474900,4000.000000000,0.399787600,9933.230430050,0.399474800,229.119485070,0.399796700,2193.750000000,0.399474700,26008.399091670,0.399817300,9932.492063910,0.399472200,3197.770918960,0.399836700,2193.750000000,0.399471200,35048.700000000,0.399892700,30954.188652290,0.399432100,2193.750000000,0.399916700,2193.750000000,0.399362300,63055.949795870
2024-11-12T06:50:45.169874Z,0.399709900,2193.750000000,0.399554000,2193.750000000,0.399711500,9595.394210780,0.399512100,2193.750000000,0.399715000,9595.394210780,0.399475000,4009.200000000,0.399716700,61.249493250,0.399474900,4000.000000000,0.399755000,2193.750000000,0.399474800,229.119485070,0.399787600,9933.230430050,0.399474700,26008.399091670,0.399796700,2193.750000000,0.399472200,3197.770918960,0.399817300,9932.492063910,0.399471200,35048.700000000,0.399836700,2193.750000000,0.399432100,2193.750000000,0.399892700,30954.188652290,0.399362300,63055.949795870
2024-11-12T06:50:45.169941Z,0.399701200,2193.750000000,0.399554000,2193.750000000,0.399709900,2193.750000000,0.399512100,2193.750000000,0.399711500,9595.394210780,0.399475000,4009.200000000,0.399715000,9595.394210780,0.399474900,4000.000000000,0.399716700,61.249493250,0.399474800,229.119485070,0.399755000,2193.750000000,0.399474700,26008.399091670,0.399787600,9933.230430050,0.399472200,3197.770918960,0.399796700,2193.750000000,0.399471200,35048.700000000,0.399817300,9932.492063910,0.399432100,2193.750000000,0.399836700,2193.750000000,0.399362300,63055.949795870
2024-11-12T06:50:45.172827Z,0.399701200,2193.750000000,0.399554000,2193.750000000,0.399711500,9595.394210780,0.399512100,2193.750000000,0.399715000,9595.394210780,0.399475000,4009.200000000,0.399716700,61.249493250,0.399474900,4000.000000000,0.399755000,2193.750000000,0.399474800,229.119485070,0.399787600,9933.230430050,0.399474700,26008.399091670,0.399796700,2193.750000000,0.399472200,3197.770918960,0.399817300,9932.492063910,0.399471200,35048.700000000,0.399836700,2193.750000000,0.399432100,2193.750000000,0.399892700,30954.188652290,0.399362300,63055.949795870
2024-11-12T06:50:45.173966Z,0.399701200,2193.750000000,0.399554000,2193.750000000,0.399715000,9595.394210780,0.399512100,2193.750000000,0.399716700,61.249493250,0.399475000,4009.200000000,0.399755000,2193.750000000,0.399474900,4000.000000000,0.399787600,9933.230430050,0.399474800,229.119485070,0.399796700,2193.750000000,0.399474700,26008.399091670,0.399817300,9932.492063910,0.399472200,3197.770918960,0.399836700,2193.750000000,0.399471200,35048.700000000,0.399892700,30954.188652290,0.399432100,2193.750000000,0.399916700,2193.750000000,0.399362300,63055.949795870
2024-11-12T06:50:45.176329Z,0.399701200,2193.750000000,0.399554000,2193.750000000,0.399715000,9595.394210780,0.399512100,2193.750000000,0.399716700,61.249493250,0.399475000,4009.200000000,0.399755000,2193.750000000,0.399474900,4000.000000000,0.399787600,9933.230430050,0.399474800,229.119485070,0.399796700,2193.750000000,0.399474700,26008.399091670,0.399836700,2193.750000000,0.399472200,3197.770918960,0.399892700,30954.188652290,0.399471200,35048.700000000,0.399916700,2193.750000000,0.399432100,2193.750000000,0.399969200,70593.273854170,0.399362300,63055.949795870
2024-11-12T06:50:45.179058Z,0.399715000,9595.394210780,0.399554000,2193.750000000,0.399716700,61.249493250,0.399512100,2193.750000000,0.399755000,2193.750000000,0.399475000,4009.200000000,0.399787600,9933.230430050,0.399474900,4000.000000000,0.399796700,2193.750000000,0.399474800,229.119485070,0.399836700,2193.750000000,0.399474700,26008.399091670,0.399892700,30954.188652290,0.399472200,3197.770918960,0.399916700,2193.750000000,0.399471200,35048.700000000,0.399969200,70593.273854170,0.399432100,2193.750000000,0.399996700,2193.750000000,0.399362300,63055.949795870
2024-11-12T06:50:45.208216Z,0.399715000,9595.394210780,0.399554000,2193.750000000,0.399716700,61.249493250,0.399512100,2193.750000000,0.399787600,9933.230430050,0.399475000,4009.200000000,0.399796700,2193.750000000,0.399474900,4000.000000000,0.399836700,2193.750000000,0.399474800,229.119485070,0.399892700,30954.188652290,0.399474700,26008.399091670,0.399916700,2193.750000000,0.399472200,3197.770918960,0.399969200,70593.273854170,0.399471200,35048.700000000,0.399996700,2193.750000000,0.399432100,2193.750000000,0.400027400,7433.000000000,0.399362300,63055.949795870
2024-11-12T06:50:45.216332Z,0.399715000,9595.394210780,0.399554000,2193.750000000,0.399716700,61.249493250,0.399512100,2193.750000000,0.399787600,9933.230430050,0.399475000,4009.200000000,0.399796700,2193.750000000,0.399474900,4000.000000000,0.399836700,2193.750000000,0.399474800,229.119485070,0.399892700,30954.188652290,0.399472200,3197.770918960,0.399916700,2193.750000000,0.399471200,35048.700000000,0.399969200,70593.273854170,0.399432100,2193.750000000,0.399996700,2193.750000000,0.399362300,63055.949795870,0.400027400,7433.000000000,0.399352100,2193.750000000
2024-11-12T06:50:45.219407Z,0.399715000,9595.394210780,0.399622100,10851.356387450,0.399716700,61.249493250,0.399554000,2193.750000000,0.399787600,9933.230430050,0.399512100,2193.750000000,0.399796700,2193.750000000,0.399475000,4009.200000000,0.399836700,2193.750000000,0.399474900,4000.000000000,0.399892700,30954.188652290,0.399474800,229.119485070,0.399916700,2193.750000000,0.399472200,3197.770918960,0.399969200,70593.273854170,0.399471200,35048.700000000,0.399996700,2193.750000000,0.399432100,2193.750000000,0.400027400,7433.000000000,0.399362300,63055.949795870
2024-11-12T06:50:45.219510Z,0.399715000,9595.394210780,0.399622100,10851.356387450,0.399716700,61.249493250,0.399576800,10468.285635780,0.399787600,9933.230430050,0.399554000,2193.750000000,0.399796700,2193.750000000,0.399512100,2193.750000000,0.399836700,2193.750000000,0.399475000,4009.200000000,0.399892700,30954.188652290,0.399474900,4000.000000000,0.399916700,2193.750000000,0.399474800,229.119485070,0.399969200,70593.273854170,0.399472200,3197.770918960,0.399996700,2193.750000000,0.399471200,35048.700000000,0.400027400,7433.000000000,0.399432100,2193.750000000
2024-11-12T06:50:45.221893Z,0.399715000,9595.394210780,0.399623200,2193.750000000,0.399716700,61.249493250,0.399622100,10851.356387450,0.399787600,9933.230430050,0.399576800,10468.285635780,0.399796700,2193.750000000,0.399554000,2193.750000000,0.399836700,2193.750000000,0.399512100,2193.750000000,0.399892700,30954.188652290,0.399475000,4009.200000000,0.399916700,2193.750000000,0.399474900,4000.000000000,0.399969200,70593.273854170,0.399474800,229.119485070,0.399996700,2193.750000000,0.399472200,3197.770918960,0.400027400,7433.000000000,0.399471200,35048.700000000
2024-11-12T06:50:45.221911Z,0.399715000,9595.394210780,0.399642000,2193.750000000,0.399716700,61.249493250,0.399623200,2193.750000000,0.399787600,9933.230430050,0.399622100,10851.356387450,0.399796700,2193.750000000,0.399576800,10468.285635780,0.399836700,2193.750000000,0.399554000,2193.750000000,0.399892700,30954.188652290,0.399512100,2193.750000000,0.399916700,2193.750000000,0.399475000,4009.200000000,0.399969200,70593.273854170,0.399474900,4000.000000000,0.399996700,2193.750000000,0.399474800,229.119485070,0.400027400,7433.000000000,0.399472200,3197.770918960
2024-11-12T06:50:45.222181Z,0.399715000,9595.394210780,0.399642000,2193.750000000,0.399716700,61.249493250,0.399623200,2193.750000000,0.399787600,9933.230430050,0.399622100,10851.356387450,0.399836700,2193.750000000,0.399576800,10468.285635780,0.399892700,30954.188652290,0.399554000,2193.750000000,0.399916700,2193.750000000,0.399512100,2193.750000000,0.399969200,70593.273854170,0.399475000,4009.200000000,0.399996700,2193.750000000,0.399474900,4000.000000000,0.400027400,7433.000000000,0.399474800,229.119485070,0.400036700,2193.750000000,0.399472200,3197.770918960
2024-11-12T06:50:45.225004Z,0.399715000,9595.394210780,0.399642000,2193.750000000,0.399716700,61.249493250,0.399623200,2193.750000000,0.399787600,9933.230430050,0.399576800,10468.285635780,0.399836700,2193.750000000,0.399554000,2193.750000000,0.399892700,30954.188652290,0.399512100,2193.750000000,0.399916700,2193.750000000,0.399475000,4009.200000000,0.399969200,70593.273854170,0.399474900,4000.000000000,0.399996700,2193.750000000,0.399474800,229.119485070,0.400027400,7433.000000000,0.399472200,3197.770918960,0.400036700,2193.750000000,0.399471200,35048.700000000
2024-11-12T06:50:45.238692Z,0.399715000,9595.394210780,0.399642000,2193.750000000,0.399716700,61.249493250,0.399623200,2193.750000000,0.399757900,15992.738231170,0.399576800,10468.285635780,0.399787600,9933.230430050,0.399554000,2193.750000000,0.399836700,2193.750000000,0.399512100,2193.750000000,0.399892700,30954.188652290,0.399475000,4009.200000000,0.399916700,2193.750000000,0.399474900,4000.000000000,0.399969200,70593.273854170,0.399474800,229.119485070,0.399996700,2193.750000000,0.399472200,3197.770918960,0.400027400,7433.000000000,0.399471200,35048.700000000
2024-11-12T06:50:45.246244Z,0.399715000,9595.394210780,0.399642000,2193.750000000,0.399716700,61.249493250,0.399623200,2193.750000000,0.399757900,15992.738231170,0.399554000,2193.750000000,0.399787600,9933.230430050,0.399512100,2193.750000000,0.399836700,2193.750000000,0.399475000,4009.200000000,0.399892700,30954.188652290,0.399474900,4000.000000000,0.399916700,2193.750000000,0.399474800,229.119485070,0.399969200,70593.273854170,0.399472200,3197.770918960,0.399996700,2193.750000000,0.399471200,35048.700000000,0.400027400,7433.000000000,0.399432100,2193.750000000
2024-11-12T06:50:45.246434Z,0.399715000,9595.394210780,0.399642000,2193.750000000,0.399716700,61.249493250,0.399623200,2193.750000000,0.399787600,9933.230430050,0.399554000,2193.750000000,0.399836700,2193.750000000,0.399512100,2193.750000000,0.399892700,30954.188652290,0.399475000,4009.200000000,0.399916700,2193.750000000,0.399474900,4000.000000000,0.399969200,70593.273854170,0.399474800,229.119485070,0.399996700,2193.750000000,0.399472200,3197.770918960,0.400027400,7433.000000000,0.399471200,35048.700000000,0.400036700,2193.750000000,0.399432100,2193.750000000
2024-11-12T06:50:45.276382Z,0.399715000,9595.394210780,0.399642000,2193.750000000,0.399716700,61.249493250,0.399623200,2193.750000000,0.399836700,2193.750000000,0.399554000,2193.750000000,0.399892700,30954.188652290,0.399512100,2193.750000000,0.399916700,2193.750000000,0.399475000,4009.200000000,0.399969200,70593.273854170,0.399474900,4000.000000000,0.399996700,2193.750000000,0.399474800,229.119485070,0.400027400,7433.000000000,0.399472200,3197.770918960,0.400036700,2193.750000000,0.399471200,35048.700000000,0.400046900,62073.777182470,0.399432100,2193.750000000
2024-11-12T06:50:45.279013Z,0.399715000,9595.394210780,0.399642000,2193.750000000,0.399716700,61.249493250,0.399623200,2193.750000000,0.399801200,9073.331586830,0.399554000,2193.750000000,0.399836700,2193.750000000,0.399512100,2193.750000000,0.399892700,30954.188652290,0.399475000,4009.200000000,0.399916700,2193.750000000,0.399474900,4000.000000000,0.399969200,70593.273854170,0.399474800,229.119485070,0.399996700,2193.750000000,0.399472200,3197.770918960,0.400027400,7433.000000000,0.399471200,35048.700000000,0.400036700,2193.750000000,0.399432100,2193.750000000
2024-11-12T06:50:45.290414Z,0.399715000,9595.394210780,0.399642000,2193.750000000,0.399716700,61.249493250,0.399623200,2193.750000000,0.399795000,2193.750000000,0.399554000,2193.750000000,0.399801200,9073.331586830,0.399512100,2193.750000000,0.399836700,2193.750000000,0.399475000,4009.200000000,0.399892700,30954.188652290,0.399474900,4000.000000000,0.399916700,2193.750000000,0.399474800,229.119485070,0.399969200,70593.273854170,0.399472200,3197.770918960,0.399996700,2193.750000000,0.399471200,35048.700000000,0.400027400,7433.000000000,0.399432100,2193.750000000
2024-11-12T06:50:45.299159Z,0.399715000,9595.394210780,0.399642000,2193.750000000,0.399716700,61.249493250,0.399554000,2193.750000000,0.399795000,2193.750000000,0.399512100,2193.750000000,0.399801200,9073.331586830,0.399475000,4009.200000000,0.399836700,2193.750000000,0.399474900,4000.000000000,0.399892700,30954.188652290,0.399474800,229.119485070,0.399916700,2193.750000000,0.399472200,3197.770918960,0.399969200,70593.273854170,0.399471200,35048.700000000,0.399996700,2193.750000000,0.399432100,2193.750000000,0.400027400,7433.000000000,0.399362300,63055.949795870
2024-11-12T06:50:45.299296Z,0.399715000,9595.394210780,0.399554000,2193.750000000,0.399716700,61.249493250,0.399512100,2193.750000000,0.399795000,2193.750000000,0.399475000,4009.200000000,0.399801200,9073.331586830,0.399474900,4000.000000000,0.399836700,2193.750000000,0.399474800,229.119485070,0.399892700,30954.188652290,0.399472200,3197.770918960,0.399916700,2193.750000000,0.399471200,35048.700000000,0.399969200,70593.273854170,0.399432100,2193.750000000,0.399996700,2193.750000000,0.399362300,63055.949795870,0.400027400,7433.000000000,0.399352100,2193.750000000
2024-11-12T06:50:45.336496Z,0.399715000,9595.394210780,0.399555600,10468.843298980,0.399716700,61.249493250,0.399554000,2193.750000000,0.399795000,2193.750000000,0.399512100,2193.750000000,0.399801200,9073.331586830,0.399475000,4009.200000000,0.399836700,2193.750000000,0.399474900,4000.000000000,0.399892700,30954.188652290,0.399474800,229.119485070,0.399916700,2193.750000000,0.399472200,3197.770918960,0.399969200,70593.273854170,0.399471200,35048.700000000,0.399996700,2193.750000000,0.399432100,2193.750000000,0.400027400,7433.000000000,0.399362300,63055.949795870
2024-11-12T06:50:45.339005Z,0.399715000,9595.394210780,0.399578900,2193.750000000,0.399716700,61.249493250,0.399555600,10468.843298980,0.399795000,2193.750000000,0.399554000,2193.750000000,0.399801200,9073.331586830,0.399512100,2193.750000000,0.399836700,2193.750000000,0.399475000,4009.200000000,0.399892700,30954.188652290,0.399474900,4000.000000000,0.399916700,2193.750000000,0.399474800,229.119485070,0.399969200,70593.273854170,0.399472200,3197.770918960,0.399996700,2193.750000000,0.399471200,35048.700000000,0.400027400,7433.000000000,0.399432100,2193.750000000
2024-11-12T06:50:45.339096Z,0.399715000,9595.394210780,0.399578900,2193.750000000,0.399716700,61.249493250,0.399575500,2193.750000000,0.399795000,2193.750000000,0.399555600,10468.843298980,0.399801200,9073.331586830,0.399554000,2193.750000000,0.399836700,2193.750000000,0.399512100,2193.750000000,0.399892700,30954.188652290,0.399475000,4009.200000000,0.399916700,2193.750000000,0.399474900,4000.000000000,0.399969200,70593.273854170,0.399474800,229.119485070,0.399996700,2193.750000000,0.399472200,3197.770918960,0.400027400,7433.000000000,0.399471200,35048.700000000
2024-11-12T06:50:45.341054Z,0.399715000,9595.394210780,0.399578900,2193.750000000,0.399716700,61.249493250,0.399575500,2193.750000000,0.399795000,2193.750000000,0.399554000,2193.750000000,0.399801200,9073.331586830,0.399512100,2193.750000000,0.399836700,2193.750000000,0.399475000,4009.200000000,0.399892700,30954.188652290,0.399474900,4000.000000000,0.399916700,2193.750000000,0.399474800,229.119485070,0.399969200,70593.273854170,0.399472200,3197.770918960,0.399996700,2193.750000000,0.399471200,35048.700000000,0.400027400,7433.000000000,0.399432100,2193.750000000
2024-11-12T06:50:45.341472Z,0.399715000,9595.394210780,0.399578900,2193.750000000,0.399716700,61.249493250,0.399575500,2193.750000000,0.399795000,2193.750000000,0.399512100,2193.750000000,0.399801200,9073.331586830,0.399475000,4009.200000000,0.399836700,2193.750000000,0.399474900,4000.000000000,0.399892700,30954.188652290,0.399474800,229.119485070,0.399916700,2193.750000000,0.399472200,3197.770918960,0.399969200,70593.273854170,0.399471200,35048.700000000,0.399996700,2193.750000000,0.399432100,2193.750000000,0.400027400,7433.000000000,0.399362300,63055.949795870
2024-11-12T06:50:45.341580Z,0.399715000,9595.394210780,0.399578900,4387.500000000,0.399716700,61.249493250,0.399575500,2193.750000000,0.399795000,2193.750000000,0.399512100,2193.750000000,0.399801200,9073.331586830,0.399475000,4009.200000000,0.399836700,2193.750000000,0.399474900,4000.000000000,0.399892700,30954.188652290,0.399474800,229.119485070,0.399916700,2193.750000000,0.399472200,3197.770918960,0.399969200,70593.273854170,0.399471200,35048.700000000,0.399996700,2193.750000000,0.399432100,2193.750000000,0.400027400,7433.000000000,0.399362300,63055.949795870
2024-11-12T06:50:45.342085Z,0.399715000,9595.394210780,0.399578900,4387.500000000,0.399716700,61.249493250,0.399512100,2193.750000000,0.399795000,2193.750000000,0.399475000,4009.200000000,0.399801200,9073.331586830,0.399474900,4000.000000000,0.399836700,2193.750000000,0.399474800,229.119485070,0.399892700,30954.188652290,0.399472200,3197.770918960,0.399916700,2193.750000000,0.399471200,35048.700000000,0.399969200,70593.273854170,0.399432100,2193.750000000,0.399996700,2193.750000000,0.399362300,63055.949795870,0.400027400,7433.000000000,0.399352100,2193.750000000
2024-11-12T06:50:45.344615Z,0.399715000,9595.394210780,0.399578900,4387.500000000,0.399716700,61.249493250,0.399512100,2193.750000000,0.399756500,15992.793251990,0.399475000,4009.200000000,0.399795000,2193.750000000,0.399474900,4000.000000000,0.399801200,9073.331586830,0.399474800,229.119485070,0.399836700,2193.750000000,0.399472200,3197.770918960,0.399892700,30954.188652290,0.399471200,35048.700000000,0.399916700,2193.750000000,0.399432100,2193.750000000,0.399969200,70593.273854170,0.399362300,63055.949795870,0.399996700,2193.750000000,0.399352100,2193.750000000
2024-11-12T06:50:45.345679Z,0.399715000,9595.394210780,0.399646900,10850.684434270,0.399716700,61.249493250,0.399578900,4387.500000000,0.399756500,15992.793251990,0.399512100,2193.750000000,0.399795000,2193.750000000,0.399475000,4009.200000000,0.399801200,9073.331586830,0.399474900,4000.000000000,0.399836700,2193.750000000,0.399474800,229.119485070,0.399892700,30954.188652290,0.399472200,3197.770918960,0.399916700,2193.750000000,0.399471200,35048.700000000,0.399969200,70593.273854170,0.399432100,2193.750000000,0.399996700,2193.750000000,0.399362300,63055.949795870
2024-11-12T06:50:45.350657Z,0.399715000,9595.394210780,0.399646900,10850.684434270,0.399716700,61.249493250,0.399597200,11016.877047590,0.399756500,15992.793251990,0.399578900,4387.500000000,0.399795000,2193.750000000,0.399512100,2193.750000000,0.399801200,9073.331586830,0.399475000,4009.200000000,0.399836700,2193.750000000,0.399474900,4000.000000000,0.399892700,30954.188652290,0.399474800,229.119485070,0.399916700,2193.750000000,0.399472200,3197.770918960,0.399969200,70593.273854170,0.399471200,35048.700000000,0.399996700,2193.750000000,0.399432100,2193.750000000
2024-11-12T06:50:45.350681Z,0.399715000,9595.394210780,0.399646900,10850.684434270,0.399716700,61.249493250,0.399597200,11016.877047590,0.399756500,15992.793251990,0.399578900,4387.500000000,0.399795000,2193.750000000,0.399516100,26998.319921670,0.399801200,9073.331586830,0.399512100,2193.750000000,0.399836700,2193.750000000,0.399475000,4009.200000000,0.399892700,30954.188652290,0.399474900,4000.000000000,0.399916700,2193.750000000,0.399474800,229.119485070,0.399969200,70593.273854170,0.399472200,3197.770918960,0.399996700,2193.750000000,0.399471200,35048.700000000
2024-11-12T06:50:45.354824Z,0.399715000,9595.394210780,0.399646900,10850.684434270,0.399716700,61.249493250,0.399597200,11016.877047590,0.399755000,2193.750000000,0.399578900,4387.500000000,0.399756500,15992.793251990,0.399516100,26998.319921670,0.399795000,2193.750000000,0.399512100,2193.750000000,0.399801200,9073.331586830,0.399475000,4009.200000000,0.399836700,2193.750000000,0.399474900,4000.000000000,0.399892700,30954.188652290,0.399474800,229.119485070,0.399916700,2193.750000000,0.399472200,3197.770918960,0.399969200,70593.273854170,0.399471200,35048.700000000
2024-11-12T06:50:45.362633Z,0.399715000,9595.394210780,0.399646900,10850.684434270,0.399716700,61.249493250,0.399597200,11016.877047590,0.399756500,15992.793251990,0.399578900,4387.500000000,0.399795000,2193.750000000,0.399516100,26998.319921670,0.399801200,9073.331586830,0.399512100,2193.750000000,0.399836700,2193.750000000,0.399475000,4009.200000000,0.399892700,30954.188652290,0.399474900,4000.000000000,0.399916700,2193.750000000,0.399474800,229.119485070,0.399969200,70593.273854170,0.399472200,3197.770918960,0.399996700,2193.750000000,0.399471200,35048.700000000
2024-11-12T06:50:45.362675Z,0.399715000,9595.394210780,0.399649200,2193.750000000,0.399716700,61.249493250,0.399646900,10850.684434270,0.399756500,15992.793251990,0.399597200,11016.877047590,0.399795000,2193.750000000,0.399578900,4387.500000000,0.399801200,9073.331586830,0.399516100,26998.319921670,0.399836700,2193.750000000,0.399512100,2193.750000000,0.399892700,30954.188652290,0.399475000,4009.200000000,0.399916700,2193.750000000,0.399474900,4000.000000000,0.399969200,70593.273854170,0.399474800,229.119485070,0.399996700,2193.750000000,0.399472200,3197.770918960
2024-11-12T06:50:45.366708Z,0.399715000,9595.394210780,0.399649200,2193.750000000,0.399716700,61.249493250,0.399597200,11016.877047590,0.399756500,15992.793251990,0.399578900,4387.500000000,0.399795000,2193.750000000,0.399516100,26998.319921670,0.399801200,9073.331586830,0.399512100,2193.750000000,0.399836700,2193.750000000,0.399475000,4009.200000000,0.399892700,30954.188652290,0.399474900,4000.000000000,0.399916700,2193.750000000,0.399474800,229.119485070,0.399969200,70593.273854170,0.399472200,3197.770918960,0.399996700,2193.750000000,0.399471200,35048.700000000
2024-11-12T06:50:45.372673Z,0.399715000,9595.394210780,0.399649200,2193.750000000,0.399716700,61.249493250,0.399597200,11016.877047590,0.399756500,15992.793251990,0.399578900,2193.750000000,0.399795000,2193.750000000,0.399516100,26998.319921670,0.399801200,9073.331586830,0.399512100,2193.750000000,0.399836700,2193.750000000,0.399475000,4009.200000000,0.399892700,30954.188652290,0.399474900,4000.000000000,0.399916700,2193.750000000,0.399474800,229.119485070,0.399969200,70593.273854170,0.399472200,3197.770918960,0.399996700,2193.750000000,0.399471200,35048.700000000
2024-11-12T06:50:45.372711Z,0.399715000,9595.394210780,0.399597200,11016.877047590,0.399716700,61.249493250,0.399578900,2193.750000000,0.399756500,15992.793251990,0.399516100,26998.319921670,0.399795000,2193.750000000,0.399512100,2193.750000000,0.399801200,9073.331586830,0.399475000,4009.200000000,0.399836700,2193.750000000,0.399474900,4000.000000000,0.399892700,30954.188652290,0.399474800,229.119485070,0.399916700,2193.750000000,0.399472200,3197.770918960,0.399969200,70593.273854170,0.399471200,35048.700000000,0.399996700,2193.750000000,0.399432100,2193.750000000
2024-11-12T06:50:45.372723Z,0.399715000,9595.394210780,0.399597200,11016.877047590,0.399716700,61.249493250,0.399516100,26998.319921670,0.399756500,15992.793251990,0.399512100,2193.750000000,0.399795000,2193.750000000,0.399475000,4009.200000000,0.399801200,9073.331586830,0.399474900,4000.000000000,0.399836700,2193.750000000,0.399474800,229.119485070,0.399892700,30954.188652290,0.399472200,3197.770918960,0.399916700,2193.750000000,0.399471200,35048.700000000,0.399969200,70593.273854170,0.399432100,2193.750000000,0.399996700,2193.750000000,0.399362300,63055.949795870
2024-11-12T06:50:45.372729Z,0.399712200,2193.750000000,0.399597200,11016.877047590,0.399715000,9595.394210780,0.399516100,26998.319921670,0.399716700,61.249493250,0.399512100,2193.750000000,0.399756500,15992.793251990,0.399475000,4009.200000000,0.399795000,2193.750000000,0.399474900,4000.000000000,0.399801200,9073.331586830,0.399474800,229.119485070,0.399836700,2193.750000000,0.399472200,3197.770918960,0.399892700,30954.188652290,0.399471200,35048.700000000,0.399916700,2193.750000000,0.399432100,2193.750000000,0.399969200,70593.273854170,0.399362300,63055.949795870
2024-11-12T06:50:45.372770Z,0.399703200,2193.750000000,0.399597200,11016.877047590,0.399712200,2193.750000000,0.399516100,26998.319921670,0.399715000,9595.394210780,0.399512100,2193.750000000,0.399716700,61.249493250,0.399475000,4009.200000000,0.399756500,15992.793251990,0.399474900,4000.000000000,0.399795000,2193.750000000,0.399474800,229.119485070,0.399801200,9073.331586830,0.399472200,3197.770918960,0.399836700,2193.750000000,0.399471200,35048.700000000,0.399892700,30954.188652290,0.399432100,2193.750000000,0.399916700,2193.750000000,0.399362300,63055.949795870
2024-11-12T06:50:45.372863Z,0.399703200,2193.750000000,0.399597200,11016.877047590,0.399712200,2193.750000000,0.399516100,26998.319921670,0.399715000,9595.394210780,0.399475000,4009.200000000,0.399716700,61.249493250,0.399474900,4000.000000000,0.399756500,15992.793251990,0.399474800,229.119485070,0.399795000,2193.750000000,0.399472200,3197.770918960,0.399801200,9073.331586830,0.399471200,35048.700000000,0.399836700,2193.750000000,0.399432100,2193.750000000,0.399892700,30954.188652290,0.399362300,63055.949795870,0.399916700,2193.750000000,0.399352100,2193.750000000
2024-11-12T06:50:45.375227Z,0.399703200,2193.750000000,0.399597200,11016.877047590,0.399712200,2193.750000000,0.399516100,26998.319921670,0.399715000,9595.394210780,0.399475000,4009.200000000,0.399716700,61.249493250,0.399474900,4000.000000000,0.399756500,15992.793251990,0.399474800,229.119485070,0.399795000,2193.750000000,0.399471200,35048.700000000,0.399801200,9073.331586830,0.399432100,2193.750000000,0.399836700,2193.750000000,0.399362300,63055.949795870,0.399892700,30954.188652290,0.399352100,2193.750000000,0.399916700,2193.750000000,0.399329600,30000.000000000
2024-11-12T06:50:45.375860Z,0.399703200,2193.750000000,0.399516100,26998.319921670,0.399712200,2193.750000000,0.399475000,4009.200000000,0.399715000,9595.394210780,0.399474900,4000.000000000,0.399716700,61.249493250,0.399474800,229.119485070,0.399756500,15992.793251990,0.399471200,35048.700000000,0.399795000,2193.750000000,0.399432100,2193.750000000,0.399801200,9073.331586830,0.399362300,63055.949795870,0.399836700,2193.750000000,0.399352100,2193.750000000,0.399892700,30954.188652290,0.399329600,30000.000000000,0.399916700,2193.750000000,0.399296800,45171.261036270
2024-11-12T06:50:45.376230Z,0.399703200,2193.750000000,0.399516100,26998.319921670,0.399712200,2193.750000000,0.399477200,2193.750000000,0.399715000,9595.394210780,0.399475000,4009.200000000,0.399716700,61.249493250,0.399474900,4000.000000000,0.399756500,15992.793251990,0.399474800,229.119485070,0.399795000,2193.750000000,0.399471200,35048.700000000,0.399801200,9073.331586830,0.399432100,2193.750000000,0.399836700,2193.750000000,0.399362300,63055.949795870,0.399892700,30954.188652290,0.399352100,2193.750000000,0.399916700,2193.750000000,0.399329600,30000.000000000
2024-11-12T06:50:45.378389Z,0.399703200,2193.750000000,0.399516100,26998.319921670,0.399712200,2193.750000000,0.399477200,2193.750000000,0.399715000,9595.394210780,0.399475000,4009.200000000,0.399716700,61.249493250,0.399474800,229.119485070,0.399756500,15992.793251990,0.399471200,35048.700000000,0.399795000,2193.750000000,0.399432100,2193.750000000,0.399801200,9073.331586830,0.399362300,63055.949795870,0.399836700,2193.750000000,0.399352100,2193.750000000,0.399892700,30954.188652290,0.399329600,30000.000000000,0.399916700,2193.750000000,0.399296800,45171.261036270
2024-11-12T06:50:45.378430Z,0.399703200,2193.750000000,0.399516100,26998.319921670,0.399712200,2193.750000000,0.399477200,2193.750000000,0.399715000,9595.394210780,0.399474800,229.119485070,0.399716700,61.249493250,0.399471200,35048.700000000,0.399756500,15992.793251990,0.399432100,2193.750000000,0.399795000,2193.750000000,0.399362300,63055.949795870,0.399801200,9073.331586830,0.399352100,2193.750000000,0.399836700,2193.750000000,0.399329600,30000.000000000,0.399892700,30954.188652290,0.399296800,45171.261036270,0.399916700,2193.750000000,0.399289600,2193.750000000
2024-11-12T06:50:45.381757Z,0.399703200,2193.750000000,0.399516100,26998.319921670,0.399712200,2193.750000000,0.399477200,2193.750000000,0.399715000,9595.394210780,0.399474800,229.119485070,0.399716700,61.249493250,0.399471200,35048.700000000,0.399752200,2193.750000000,0.399432100,2193.750000000,0.399756500,15992.793251990,0.399362300,63055.949795870,0.399795000,2193.750000000,0.399352100,2193.750000000,0.399801200,9073.331586830,0.399329600,30000.000000000,0.399836700,2193.750000000,0.399296800,45171.261036270,0.399892700,30954.188652290,0.399289600,2193.750000000
2024-11-12T06:50:45.386935Z,0.399703200,2193.750000000,0.399477200,2193.750000000,0.399712200,2193.750000000,0.399474800,229.119485070,0.399715000,9595.394210780,0.399471200,35048.700000000,0.399716700,61.249493250,0.399432100,2193.750000000,0.399752200,2193.750000000,0.399362300,63055.949795870,0.399756500,15992.793251990,0.399352100,2193.750000000,0.399795000,2193.750000000,0.399329600,30000.000000000,0.399801200,9073.331586830,0.399296800,45171.261036270,0.399836700,2193.750000000,0.399289600,2193.750000000,0.399892700,30954.188652290,0.399144000,35627.534953300
2024-11-12T06:50:45.389434Z,0.399703200,2193.750000000,0.399474800,229.119485070,0.399712200,2193.750000000,0.399471200,35048.700000000,0.399715000,9595.394210780,0.399432100,2193.750000000,0.399716700,61.249493250,0.399362300,63055.949795870,0.399752200,2193.750000000,0.399352100,2193.750000000,0.399756500,15992.793251990,0.399329600,30000.000000000,0.399795000,2193.750000000,0.399296800,45171.261036270,0.399801200,9073.331586830,0.399289600,2193.750000000,0.399836700,2193.750000000,0.399144000,35627.534953300,0.399892700,30954.188652290,0.399143800,18820.664177880
2024-11-12T06:50:45.392536Z,0.399703200,2193.750000000,0.399471300,229.121492520,0.399712200,2193.750000000,0.399471200,35048.700000000,0.399715000,9595.394210780,0.399432100,2193.750000000,0.399716700,61.249493250,0.399362300,63055.949795870,0.399752200,2193.750000000,0.399352100,2193.750000000,0.399756500,15992.793251990,0.399329600,30000.000000000,0.399795000,2193.750000000,0.399296800,45171.261036270,0.399801200,9073.331586830,0.399289600,2193.750000000,0.399836700,2193.750000000,0.399144000,35627.534953300,0.399892700,30954.188652290,0.399143800,18820.664177880
2024-11-12T06:50:45.394755Z,0.399703200,2193.750000000,0.399471300,229.121492520,0.399712200,2193.750000000,0.399471200,35048.700000000,0.399715000,9595.394210780,0.399432100,2193.750000000,0.399716700,61.249493250,0.399362300,63055.949795870,0.399752200,2193.750000000,0.399352100,2193.750000000,0.399756500,15992.793251990,0.399329600,30000.000000000,0.399795000,2193.750000000,0.399296800,45171.261036270,0.399836700,2193.750000000,0.399289600,2193.750000000,0.399892700,30954.188652290,0.399144000,35627.534953300,0.399916700,2193.750000000,0.399143800,18820.664177880
2024-11-12T06:50:45.397521Z,0.399703200,2193.750000000,0.399479100,2193.750000000,0.399712200,2193.750000000,0.399471300,229.121492520,0.399715000,9595.394210780,0.399471200,35048.700000000,0.399716700,61.249493250,0.399432100,2193.750000000,0.399752200,2193.750000000,0.399362300,63055.949795870,0.399756500,15992.793251990,0.399352100,2193.750000000,0.399795000,2193.750000000,0.399329600,30000.000000000,0.399836700,2193.750000000,0.399296800,45171.261036270,0.399892700,30954.188652290,0.399289600,2193.750000000,0.399916700,2193.750000000,0.399144000,35627.534953300
2024-11-12T06:50:45.417035Z,0.399703200,2193.750000000,0.399479100,2193.750000000,0.399712200,2193.750000000,0.399471300,229.121492520,0.399715000,9595.394210780,0.399471200,35048.700000000,0.399716700,61.249493250,0.399432100,2193.750000000,0.399752200,2193.750000000,0.399362300,63055.949795870,0.399795000,2193.750000000,0.399352100,2193.750000000,0.399836700,2193.750000000,0.399329600,30000.000000000,0.399892700,30954.188652290,0.399296800,45171.261036270,0.399916700,2193.750000000,0.399289600,2193.750000000,0.399969200,70593.273854170,0.399144000,35627.534953300
2024-11-12T06:50:45.431926Z,0.399703100,9595.394210780,0.399479100,2193.750000000,0.399703200,2193.750000000,0.399471300,229.121492520,0.399712200,2193.750000000,0.399471200,35048.700000000,0.399715000,9595.394210780,0.399432100,2193.750000000,0.399716700,61.249493250,0.399362300,63055.949795870,0.399752200,2193.750000000,0.399352100,2193.750000000,0.399795000,2193.750000000,0.399329600,30000.000000000,0.399836700,2193.750000000,0.399296800,45171.261036270,0.399892700,30954.188652290,0.399289600,2193.750000000,0.399916700,2193.750000000,0.399144000,35627.534953300
2024-11-12T06:50:45.434189Z,0.399703100,9595.394210780,0.399471300,229.121492520,0.399703200,2193.750000000,0.399471200,35048.700000000,0.399712200,2193.750000000,0.399432100,2193.750000000,0.399715000,9595.394210780,0.399362300,63055.949795870,0.399716700,61.249493250,0.399352100,2193.750000000,0.399752200,2193.750000000,0.399329600,30000.000000000,0.399795000,2193.750000000,0.399296800,45171.261036270,0.399836700,2193.750000000,0.399289600,2193.750000000,0.399892700,30954.188652290,0.399144000,35627.534953300,0.399916700,2193.750000000,0.399143800,18820.664177880
2024-11-12T06:50:45.434245Z,0.399683200,2193.750000000,0.399471300,229.121492520,0.399703100,9595.394210780,0.399471200,35048.700000000,0.399703200,2193.750000000,0.399432100,2193.750000000,0.399712200,2193.750000000,0.399362300,63055.949795870,0.399715000,9595.394210780,0.399352100,2193.750000000,0.399716700,61.249493250,0.399329600,30000.000000000,0.399752200,2193.750000000,0.399296800,45171.261036270,0.399795000,2193.750000000,0.399289600,2193.750000000,0.399836700,2193.750000000,0.399144000,35627.534953300,0.399892700,30954.188652290,0.399143800,18820.664177880
2024-11-12T06:50:45.434311Z,0.399663200,2193.750000000,0.399471300,229.121492520,0.399683200,2193.750000000,0.399471200,35048.700000000,0.399703100,9595.394210780,0.399432100,2193.750000000,0.399703200,2193.750000000,0.399362300,63055.949795870,0.399712200,2193.750000000,0.399352100,2193.750000000,0.399715000,9595.394210780,0.399329600,30000.000000000,0.399716700,61.249493250,0.399296800,45171.261036270,0.399752200,2193.750000000,0.399289600,2193.750000000,0.399795000,2193.750000000,0.399144000,35627.534953300,0.399836700,2193.750000000,0.399143800,18820.664177880
2024-11-12T06:50:45.436785Z,0.399663200,2193.750000000,0.399471300,229.121492520,0.399683200,2193.750000000,0.399471200,35048.700000000,0.399703100,9595.394210780,0.399432100,2193.750000000,0.399712200,2193.750000000,0.399362300,63055.949795870,0.399715000,9595.394210780,0.399352100,2193.750000000,0.399716700,61.249493250,0.399329600,30000.000000000,0.399752200,2193.750000000,0.399296800,45171.261036270,0.399795000,2193.750000000,0.399289600,2193.750000000,0.399836700,2193.750000000,0.399144000,35627.534953300,0.399892700,30954.188652290,0.399143800,18820.664177880
2024-11-12T06:50:45.437039Z,0.399663200,4387.500000000,0.399471300,229.121492520,0.399683200,2193.750000000,0.399471200,35048.700000000,0.399703100,9595.394210780,0.399432100,2193.750000000,0.399712200,2193.750000000,0.399362300,63055.949795870,0.399715000,9595.394210780,0.399352100,2193.750000000,0.399716700,61.249493250,0.399329600,30000.000000000,0.399752200,2193.750000000,0.399296800,45171.261036270,0.399795000,2193.750000000,0.399289600,2193.750000000,0.399836700,2193.750000000,0.399144000,35627.534953300,0.399892700,30954.188652290,0.399143800,18820.664177880
2024-11-12T06:50:45.437190Z,0.399663200,4387.500000000,0.399471300,229.121492520,0.399703100,9595.394210780,0.399471200,35048.700000000,0.399712200,2193.750000000,0.399432100,2193.750000000,0.399715000,9595.394210780,0.399362300,63055.949795870,0.399716700,61.249493250,0.399352100,2193.750000000,0.399752200,2193.750000000,0.399329600,30000.000000000,0.399795000,2193.750000000,0.399296800,45171.261036270,0.399836700,2193.750000000,0.399289600,2193.750000000,0.399892700,30954.188652290,0.399144000,35627.534953300,0.399916700,2193.750000000,0.399143800,18820.664177880
2024-11-12T06:50:45.440922Z,0.399663200,4387.500000000,0.399476600,2193.750000000,0.399703100,9595.394210780,0.399471300,229.121492520,0.399712200,2193.750000000,0.399471200,35048.700000000,0.399715000,9595.394210780,0.399432100,2193.750000000,0.399716700,61.249493250,0.399362300,63055.949795870,0.399752200,2193.750000000,0.399352100,2193.750000000,0.399795000,2193.750000000,0.399329600,30000.000000000,0.399836700,2193.750000000,0.399296800,45171.261036270,0.399892700,30954.188652290,0.399289600,2193.750000000,0.399916700,2193.750000000,0.399144000,35627.534953300
2024-11-12T06:50:45.443911Z,0.399663200,4387.500000000,0.399476600,4387.500000000,0.399703100,9595.394210780,0.399471300,229.121492520,0.399712200,2193.750000000,0.399471200,35048.700000000,0.399715000,9595.394210780,0.399432100,2193.750000000,0.399716700,61.249493250,0.399362300,63055.949795870,0.399752200,2193.750000000,0.399352100,2193.750000000,0.399795000,2193.750000000,0.399329600,30000.000000000,0.399836700,2193.750000000,0.399296800,45171.261036270,0.399892700,30954.188652290,0.399289600,2193.750000000,0.399916700,2193.750000000,0.399144000,35627.534953300
2024-11-12T06:50:45.452778Z,0.399663200,4387.500000000,0.399476700,229.118395330,0.399703100,9595.394210780,0.399476600,4387.500000000,0.399712200,2193.750000000,0.399471200,35048.700000000,0.399715000,9595.394210780,0.399432100,2193.750000000,0.399716700,61.249493250,0.399362300,63055.949795870,0.399752200,2193.750000000,0.399352100,2193.750000000,0.399795000,2193.750000000,0.399329600,30000.000000000,0.399836700,2193.750000000,0.399296800,45171.261036270,0.399892700,30954.188652290,0.399289600,2193.750000000,0.399916700,2193.750000000,0.399144000,35627.534953300
2024-11-12T06:50:45.476746Z,0.399663200,4387.500000000,0.399476700,229.118395330,0.399703100,9595.394210780,0.399476600,2193.750000000,0.399712200,2193.750000000,0.399471200,35048.700000000,0.399715000,9595.394210780,0.399432100,2193.750000000,0.399716700,61.249493250,0.399362300,63055.949795870,0.399752200,2193.750000000,0.399352100,2193.750000000,0.399795000,2193.750000000,0.399329600,30000.000000000,0.399836700,2193.750000000,0.399296800,45171.261036270,0.399892700,30954.188652290,0.399289600,2193.750000000,0.399916700,2193.750000000,0.399144000,35627.534953300
2024-11-12T06:50:45.478831Z,0.399663200,4387.500000000,0.399476700,229.118395330,0.399703100,9595.394210780,0.399471200,35048.700000000,0.399712200,2193.750000000,0.399432100,2193.750000000,0.399715000,9595.394210780,0.399362300,63055.949795870,0.399716700,61.249493250,0.399352100,2193.750000000,0.399752200,2193.750000000,0.399329600,30000.000000000,0.399795000,2193.750000000,0.399296800,45171.261036270,0.399836700,2193.750000000,0.399289600,2193.750000000,0.399892700,30954.188652290,0.399144000,35627.534953300,0.399916700,2193.750000000,0.399143800,18820.664177880
2024-11-12T06:50:45.480374Z,0.399663200,4387.500000000,0.399476700,229.118395330,0.399703100,9595.394210780,0.399471200,35048.700000000,0.399712200,2193.750000000,0.399432100,2193.750000000,0.399716700,61.249493250,0.399362300,63055.949795870,0.399752200,2193.750000000,0.399352100,2193.750000000,0.399795000,2193.750000000,0.399329600,30000.000000000,0.399836700,2193.750000000,0.399296800,45171.261036270,0.399892700,30954.188652290,0.399289600,2193.750000000,0.399916700,2193.750000000,0.399144000,35627.534953300,0.399969200,70593.273854170,0.399143800,18820.664177880
