timestamp,ap0,av0,bp0,bv0,ap1,av1,bp1,bv1,ap2,av2,bp2,bv2,ap3,av3,bp3,bv3,ap4,av4,bp4,bv4,ap5,av5,bp5,bv5,ap6,av6,bp6,bv6,ap7,av7,bp7,bv7,ap8,av8,bp8,bv8,ap9,av9,bp9,bv9
2024-11-12T06:50:44.883729Z,3390.610000000,2.700000000,3389.530000000,6.300000000,3390.770000000,0.008780100,3389.430000000,6.100000000,3390.780000000,2.700000000,3389.420000000,0.442553590,3391.110000000,2.700000000,3389.190000000,2.700000000,3391.700000000,0.459848030,3389.000000000,45.735916680,3391.720000000,2.700000000,3388.930000000,45.442057320,3391.960000000,1.323797750,3388.920000000,0.035000000,3392.510000000,18.434468070,3388.770000000,2.700000000,3392.520000000,1.000000000,3388.700000000,45.445032020,3392.530000000,2.959589210,3388.490000000,45.447848370
2024-11-12T06:50:44.962399Z,3390.610000000,2.700000000,3389.540000000,2.700000000,3390.770000000,0.008780100,3389.530000000,6.300000000,3390.780000000,2.700000000,3389.430000000,6.100000000,3391.110000000,2.700000000,3389.420000000,0.442553590,3391.700000000,0.459848030,3389.190000000,2.700000000,3391.720000000,2.700000000,3389.000000000,45.735916680,3391.960000000,1.323797750,3388.930000000,45.442057320,3392.510000000,18.434468070,3388.920000000,0.035000000,3392.520000000,1.000000000,3388.770000000,2.700000000,3392.530000000,2.959589210,3388.700000000,45.445032020
2024-11-12T06:50:44.999768Z,3390.770000000,0.008780100,3389.540000000,2.700000000,3390.780000000,2.700000000,3389.530000000,6.300000000,3391.110000000,2.700000000,3389.430000000,6.100000000,3391.700000000,0.459848030,3389.420000000,0.442553590,3391.720000000,2.700000000,3389.190000000,2.700000000,3391.960000000,1.323797750,3389.000000000,45.735916680,3392.510000000,18.434468070,3388.930000000,45.442057320,3392.520000000,1.000000000,3388.920000000,0.035000000,3392.530000000,2.959589210,3388.770000000,2.700000000,3392.680000000,4.428000000,3388.700000000,45.445032020
2024-11-12T06:50:45.001478Z,3390.600000000,73.733277770,3389.540000000,2.700000000,3390.770000000,0.008780100,3389.530000000,6.300000000,3390.780000000,2.700000000,3389.430000000,6.100000000,3391.110000000,2.700000000,3389.420000000,0.442553590,3391.700000000,0.459848030,3389.190000000,2.700000000,3391.720000000,2.700000000,3389.000000000,45.735916680,3391.960000000,1.323797750,3388.930000000,45.442057320,3392.510000000,18.434468070,3388.920000000,0.035000000,3392.520000000,1.000000000,3388.770000000,2.700000000,3392.530000000,2.959589210,3388.700000000,45.445032020
2024-11-12T06:50:45.001498Z,3390.600000000,147.466555540,3389.540000000,2.700000000,3390.770000000,0.008780100,3389.530000000,6.300000000,3390.780000000,2.700000000,3389.430000000,6.100000000,3391.110000000,2.700000000,3389.420000000,0.442553590,3391.700000000,0.459848030,3389.190000000,2.700000000,3391.720000000,2.700000000,3389.000000000,45.735916680,3391.960000000,1.323797750,3388.930000000,45.442057320,3392.510000000,18.434468070,3388.920000000,0.035000000,3392.520000000,1.000000000,3388.770000000,2.700000000,3392.530000000,2.959589210,3388.700000000,45.445032020
2024-11-12T06:50:45.001612Z,3390.600000000,147.466555540,3389.540000000,2.700000000,3390.610000000,73.733073810,3389.530000000,6.300000000,3390.770000000,0.008780100,3389.430000000,6.100000000,3390.780000000,2.700000000,3389.420000000,0.442553590,3391.110000000,2.700000000,3389.190000000,2.700000000,3391.700000000,0.459848030,3389.000000000,45.735916680,3391.720000000,2.700000000,3388.930000000,45.442057320,3391.960000000,1.323797750,3388.920000000,0.035000000,3392.510000000,18.434468070,3388.770000000,2.700000000,3392.520000000,1.000000000,3388.700000000,45.445032020
2024-11-12T06:50:45.001645Z,3390.600000000,221.199833310,3389.540000000,2.700000000,3390.610000000,73.733073810,3389.530000000,6.300000000,3390.770000000,0.008780100,3389.430000000,6.100000000,3390.780000000,2.700000000,3389.420000000,0.442553590,3391.110000000,2.700000000,3389.190000000,2.700000000,3391.700000000,0.459848030,3389.000000000,45.735916680,3391.720000000,2.700000000,3388.930000000,45.442057320,3391.960000000,1.323797750,3388.920000000,0.035000000,3392.510000000,18.434468070,3388.770000000,2.700000000,3392.520000000,1.000000000,3388.700000000,45.445032020
2024-11-12T06:50:45.001764Z,3390.600000000,221.199833310,3389.540000000,2.700000000,3390.610000000,73.733073810,3389.530000000,6.300000000,3390.770000000,0.008780100,3389.430000000,6.100000000,3390.780000000,2.700000000,3389.420000000,0.442553590,3391.110000000,2.700000000,3389.190000000,2.700000000,3391.700000000,0.459848030,3389.000000000,45.735916680,3391.720000000,2.700000000,3388.930000000,45.442057320,3391.960000000,1.323797750,3388.920000000,0.035000000,3392.500000000,73.691969740,3388.770000000,2.700000000,3392.510000000,18.434468070,3388.700000000,45.445032020
2024-11-12T06:50:45.002270Z,3390.600000000,221.199833310,3389.540000000,2.700000000,3390.610000000,73.733073810,3389.530000000,6.300000000,3390.770000000,0.008780100,3389.430000000,6.100000000,3390.780000000,2.700000000,3389.420000000,0.442553590,3391.010000000,6.300000000,3389.190000000,2.700000000,3391.110000000,2.700000000,3389.000000000,45.735916680,3391.700000000,0.459848030,3388.930000000,45.442057320,3391.720000000,2.700000000,3388.920000000,0.035000000,3391.960000000,1.323797750,3388.770000000,2.700000000,3392.500000000,73.691969740,3388.700000000,45.445032020
2024-11-12T06:50:45.002305Z,3390.600000000,221.199833310,3389.540000000,2.700000000,3390.610000000,73.733073810,3389.530000000,6.300000000,3390.770000000,0.008780100,3389.430000000,6.100000000,3390.780000000,2.700000000,3389.420000000,0.442553590,3391.010000000,6.300000000,3389.190000000,2.700000000,3391.700000000,0.459848030,3389.000000000,45.735916680,3391.720000000,2.700000000,3388.930000000,45.442057320,3391.960000000,1.323797750,3388.920000000,0.035000000,3392.500000000,73.691969740,3388.770000000,2.700000000,3392.510000000,18.434468070,3388.700000000,45.445032020
2024-11-12T06:50:45.003367Z,3390.600000000,221.199833310,3389.540000000,2.700000000,3390.610000000,73.733073810,3389.530000000,6.300000000,3390.770000000,0.443489100,3389.430000000,6.100000000,3390.780000000,2.700000000,3389.420000000,0.442553590,3391.010000000,6.300000000,3389.190000000,2.700000000,3391.700000000,0.459848030,3389.000000000,45.735916680,3391.720000000,2.700000000,3388.930000000,45.442057320,3391.960000000,1.323797750,3388.920000000,0.035000000,3392.500000000,73.691969740,3388.770000000,2.700000000,3392.510000000,18.434468070,3388.700000000,45.445032020
2024-11-12T06:50:45.003991Z,3390.600000000,221.199833310,3389.540000000,2.700000000,3390.610000000,73.733073810,3389.430000000,6.100000000,3390.770000000,0.443489100,3389.420000000,0.442553590,3390.780000000,2.700000000,3389.190000000,2.700000000,3391.010000000,6.300000000,3389.000000000,45.735916680,3391.700000000,0.459848030,3388.930000000,45.442057320,3391.720000000,2.700000000,3388.920000000,0.035000000,3391.960000000,1.323797750,3388.770000000,2.700000000,3392.500000000,73.691969740,3388.700000000,45.445032020,3392.510000000,18.434468070,3388.490000000,45.447848370
2024-11-12T06:50:45.004631Z,3390.600000000,221.199833310,3389.540000000,2.700000000,3390.610000000,73.733073810,3389.430000000,2.700000000,3390.770000000,0.443489100,3389.420000000,0.442553590,3390.780000000,2.700000000,3389.190000000,2.700000000,3391.010000000,6.300000000,3389.000000000,45.735916680,3391.700000000,0.459848030,3388.930000000,45.442057320,3391.720000000,2.700000000,3388.920000000,0.035000000,3391.960000000,1.323797750,3388.770000000,2.700000000,3392.500000000,73.691969740,3388.700000000,45.445032020,3392.510000000,18.434468070,3388.490000000,45.447848370
2024-11-12T06:50:45.006056Z,3390.590000000,0.434709000,3389.540000000,2.700000000,3390.600000000,221.199833310,3389.430000000,2.700000000,3390.610000000,73.733073810,3389.420000000,0.442553590,3390.770000000,0.443489100,3389.190000000,2.700000000,3390.780000000,2.700000000,3389.000000000,45.735916680,3391.010000000,6.300000000,3388.930000000,45.442057320,3391.700000000,0.459848030,3388.920000000,0.035000000,3391.720000000,2.700000000,3388.770000000,2.700000000,3391.960000000,1.323797750,3388.700000000,45.445032020,3392.500000000,73.691969740,3388.490000000,45.447848370
2024-11-12T06:50:45.006656Z,3390.590000000,0.434709000,3389.540000000,2.700000000,3390.600000000,147.466555540,3389.430000000,2.700000000,3390.610000000,73.733073810,3389.420000000,0.442553590,3390.770000000,0.443489100,3389.190000000,2.700000000,3390.780000000,2.700000000,3389.000000000,45.735916680,3391.010000000,6.300000000,3388.930000000,45.442057320,3391.700000000,0.459848030,3388.920000000,0.035000000,3391.720000000,2.700000000,3388.770000000,2.700000000,3391.960000000,1.323797750,3388.700000000,45.445032020,3392.500000000,73.691969740,3388.490000000,45.447848370
2024-11-12T06:50:45.006889Z,3390.590000000,0.434709000,3389.540000000,2.700000000,3390.600000000,73.733277770,3389.430000000,2.700000000,3390.610000000,73.733073810,3389.420000000,0.442553590,3390.770000000,0.443489100,3389.190000000,2.700000000,3390.780000000,2.700000000,3389.000000000,45.735916680,3391.010000000,6.300000000,3388.930000000,45.442057320,3391.700000000,0.459848030,3388.920000000,0.035000000,3391.720000000,2.700000000,3388.770000000,2.700000000,3391.960000000,1.323797750,3388.700000000,45.445032020,3392.500000000,73.691969740,3388.490000000,45.447848370
2024-11-12T06:50:45.006986Z,3390.590000000,0.434709000,3389.540000000,2.700000000,3390.610000000,73.733073810,3389.430000000,2.700000000,3390.770000000,0.443489100,3389.420000000,0.442553590,3390.780000000,2.700000000,3389.190000000,2.700000000,3391.010000000,6.300000000,3389.000000000,45.735916680,3391.700000000,0.459848030,3388.930000000,45.442057320,3391.720000000,2.700000000,3388.920000000,0.035000000,3391.960000000,1.323797750,3388.770000000,2.700000000,3392.500000000,73.691969740,3388.700000000,45.445032020,3392.510000000,18.434468070,3388.490000000,45.447848370
2024-11-12T06:50:45.007405Z,3390.590000000,0.434709000,3389.540000000,2.700000000,3390.610000000,73.733073810,3389.430000000,2.700000000,3390.770000000,0.443489100,3389.420000000,0.442553590,3390.780000000,2.700000000,3389.190000000,2.700000000,3391.700000000,0.459848030,3389.000000000,45.735916680,3391.720000000,2.700000000,3388.930000000,45.442057320,3391.960000000,1.323797750,3388.920000000,0.035000000,3392.500000000,73.691969740,3388.770000000,2.700000000,3392.510000000,18.434468070,3388.700000000,45.445032020,3392.520000000,1.000000000,3388.490000000,45.447848370
2024-11-12T06:50:45.008804Z,3390.590000000,0.434709000,3389.540000000,2.700000000,3390.610000000,73.733073810,3389.420000000,0.442553590,3390.770000000,0.443489100,3389.190000000,2.700000000,3390.780000000,2.700000000,3389.000000000,45.735916680,3391.700000000,0.459848030,3388.930000000,45.442057320,3391.720000000,2.700000000,3388.920000000,0.035000000,3391.960000000,1.323797750,3388.770000000,2.700000000,3392.500000000,73.691969740,3388.700000000,45.445032020,3392.510000000,18.434468070,3388.490000000,45.447848370,3392.520000000,1.000000000,3388.430000000,2.700000000
2024-11-12T06:50:45.017407Z,3390.590000000,0.434709000,3389.540000000,2.700000000,3390.610000000,73.733073810,3389.420000000,0.442553590,3390.770000000,0.443489100,3389.190000000,2.700000000,3390.780000000,2.700000000,3389.000000000,0.294800000,3391.700000000,0.459848030,3388.930000000,45.442057320,3391.720000000,2.700000000,3388.920000000,0.035000000,3391.960000000,1.323797750,3388.770000000,2.700000000,3392.500000000,73.691969740,3388.700000000,45.445032020,3392.510000000,18.434468070,3388.490000000,45.447848370,3392.520000000,1.000000000,3388.430000000,2.700000000
2024-11-12T06:50:45.020224Z,3390.590000000,0.434709000,3389.540000000,2.700000000,3390.610000000,73.733073810,3389.420000000,0.442553590,3390.770000000,0.443489100,3389.190000000,2.700000000,3390.780000000,2.700000000,3389.010000000,45.440974280,3391.700000000,0.459848030,3389.000000000,0.294800000,3391.720000000,2.700000000,3388.930000000,45.442057320,3391.960000000,1.323797750,3388.920000000,0.035000000,3392.500000000,73.691969740,3388.770000000,2.700000000,3392.510000000,18.434468070,3388.700000000,45.445032020,3392.520000000,1.000000000,3388.490000000,45.447848370
2024-11-12T06:50:45.029233Z,3390.590000000,0.434709000,3389.420000000,0.442553590,3390.610000000,73.733073810,3389.190000000,2.700000000,3390.770000000,0.443489100,3389.010000000,45.440974280,3390.780000000,2.700000000,3389.000000000,0.294800000,3391.700000000,0.459848030,3388.930000000,45.442057320,3391.720000000,2.700000000,3388.920000000,0.035000000,3391.960000000,1.323797750,3388.770000000,2.700000000,3392.500000000,73.691969740,3388.700000000,45.445032020,3392.510000000,18.434468070,3388.490000000,45.447848370,3392.520000000,1.000000000,3388.430000000,2.700000000
2024-11-12T06:50:45.029564Z,3390.580000000,0.008780100,3389.420000000,0.442553590,3390.590000000,0.434709000,3389.190000000,2.700000000,3390.610000000,73.733073810,3389.010000000,45.440974280,3390.770000000,0.434709000,3389.000000000,0.294800000,3390.780000000,2.700000000,3388.930000000,45.442057320,3391.700000000,0.459848030,3388.920000000,0.035000000,3391.720000000,2.700000000,3388.770000000,2.700000000,3391.960000000,1.323797750,3388.700000000,45.445032020,3392.500000000,73.691969740,3388.490000000,45.447848370,3392.510000000,18.434468070,3388.430000000,2.700000000
2024-11-12T06:50:45.031712Z,3390.580000000,0.008780100,3389.490000000,2.700000000,3390.590000000,0.434709000,3389.420000000,0.442553590,3390.610000000,73.733073810,3389.190000000,2.700000000,3390.770000000,0.434709000,3389.010000000,45.440974280,3390.780000000,2.700000000,3389.000000000,0.294800000,3391.700000000,0.459848030,3388.930000000,45.442057320,3391.720000000,2.700000000,3388.920000000,0.035000000,3391.960000000,1.323797750,3388.770000000,2.700000000,3392.500000000,73.691969740,3388.700000000,45.445032020,3392.510000000,18.434468070,3388.490000000,45.447848370
2024-11-12T06:50:45.034109Z,3390.580000000,0.008780100,3389.490000000,2.700000000,3390.590000000,0.434709000,3389.420000000,0.442553590,3390.610000000,73.733073810,3389.190000000,2.700000000,3390.770000000,0.434709000,3389.000000000,0.294800000,3390.780000000,2.700000000,3388.930000000,45.442057320,3391.700000000,0.459848030,3388.920000000,0.035000000,3391.720000000,2.700000000,3388.770000000,2.700000000,3391.960000000,1.323797750,3388.700000000,45.445032020,3392.500000000,73.691969740,3388.490000000,45.447848370,3392.510000000,18.434468070,3388.430000000,2.700000000
2024-11-12T06:50:45.034158Z,3390.580000000,0.008780100,3389.490000000,2.700000000,3390.590000000,0.434709000,3389.420000000,0.442553590,3390.770000000,0.434709000,3389.190000000,2.700000000,3390.780000000,2.700000000,3389.000000000,0.294800000,3391.700000000,0.459848030,3388.930000000,45.442057320,3391.720000000,2.700000000,3388.920000000,0.035000000,3391.960000000,1.323797750,3388.770000000,2.700000000,3392.500000000,73.691969740,3388.700000000,45.445032020,3392.510000000,18.434468070,3388.490000000,45.447848370,3392.520000000,1.000000000,3388.430000000,2.700000000
2024-11-12T06:50:45.034581Z,3390.580000000,0.008780100,3389.490000000,2.700000000,3390.590000000,0.434709000,3389.420000000,0.442553590,3390.770000000,0.434709000,3389.190000000,2.700000000,3390.780000000,2.700000000,3389.000000000,0.294800000,3391.700000000,0.459848030,3388.920000000,0.035000000,3391.720000000,2.700000000,3388.770000000,2.700000000,3391.960000000,1.323797750,3388.700000000,45.445032020,3392.500000000,73.691969740,3388.490000000,45.447848370,3392.510000000,18.434468070,3388.430000000,2.700000000,3392.520000000,1.000000000,3388.340000000,1.000000000
2024-11-12T06:50:45.035264Z,3390.580000000,1.008780100,3389.490000000,2.700000000,3390.590000000,0.434709000,3389.420000000,0.442553590,3390.770000000,0.434709000,3389.190000000,2.700000000,3390.780000000,2.700000000,3389.000000000,0.294800000,3391.700000000,0.459848030,3388.920000000,0.035000000,3391.720000000,2.700000000,3388.770000000,2.700000000,3391.960000000,1.323797750,3388.700000000,45.445032020,3392.500000000,73.691969740,3388.490000000,45.447848370,3392.510000000,18.434468070,3388.430000000,2.700000000,3392.520000000,1.000000000,3388.340000000,1.000000000
2024-11-12T06:50:45.035910Z,3390.580000000,1.008780100,3389.490000000,2.700000000,3390.590000000,0.434709000,3389.420000000,0.442553590,3390.770000000,0.434709000,3389.190000000,2.700000000,3390.780000000,2.700000000,3389.000000000,0.294800000,3391.420000000,0.729129680,3388.920000000,0.035000000,3391.700000000,0.459848030,3388.770000000,2.700000000,3391.720000000,2.700000000,3388.700000000,45.445032020,3391.960000000,1.323797750,3388.490000000,45.447848370,3392.500000000,73.691969740,3388.430000000,2.700000000,3392.510000000,18.434468070,3388.340000000,1.000000000
2024-11-12T06:50:45.036329Z,3390.580000000,1.008780100,3389.490000000,2.700000000,3390.590000000,0.434709000,3389.420000000,0.442553590,3390.770000000,0.434709000,3389.190000000,2.700000000,3390.780000000,2.700000000,3389.000000000,0.294800000,3391.420000000,0.729129680,3388.920000000,0.035000000,3391.700000000,0.459848030,3388.770000000,2.700000000,3391.720000000,2.700000000,3388.700000000,45.445032020,3391.960000000,1.323797750,3388.430000000,2.700000000,3392.500000000,73.691969740,3388.340000000,1.000000000,3392.510000000,18.434468070,3388.330000000,1.180828090
2024-11-12T06:50:45.037276Z,3390.580000000,1.008780100,3389.490000000,2.700000000,3390.590000000,0.434709000,3389.420000000,0.442553590,3390.770000000,0.434709000,3389.190000000,2.700000000,3390.780000000,2.700000000,3389.000000000,0.294800000,3391.420000000,0.729129680,3388.920000000,0.035000000,3391.700000000,0.459848030,3388.770000000,2.700000000,3391.720000000,2.700000000,3388.700000000,45.445032020,3391.960000000,1.323797750,3388.430000000,2.700000000,3392.490000000,1.472000000,3388.340000000,1.000000000,3392.500000000,73.691969740,3388.330000000,1.180828090
2024-11-12T06:50:45.037305Z,3390.580000000,1.008780100,3389.490000000,2.700000000,3390.770000000,0.434709000,3389.420000000,0.442553590,3390.780000000,2.700000000,3389.190000000,2.700000000,3391.420000000,0.729129680,3389.000000000,0.294800000,3391.700000000,0.459848030,3388.920000000,0.035000000,3391.720000000,2.700000000,3388.770000000,2.700000000,3391.960000000,1.323797750,3388.700000000,45.445032020,3392.490000000,1.472000000,3388.430000000,2.700000000,3392.500000000,73.691969740,3388.340000000,1.000000000,3392.510000000,18.434468070,3388.330000000,1.180828090
2024-11-12T06:50:45.038926Z,3390.580000000,1.008780100,3389.490000000,2.700000000,3390.770000000,0.434709000,3389.420000000,0.442553590,3390.780000000,2.700000000,3389.190000000,2.700000000,3391.420000000,0.729129680,3389.000000000,0.294800000,3391.700000000,0.459848030,3388.920000000,0.035000000,3391.720000000,2.700000000,3388.770000000,2.700000000,3391.960000000,1.323797750,3388.430000000,2.700000000,3392.490000000,1.472000000,3388.340000000,1.000000000,3392.500000000,73.691969740,3388.330000000,1.180828090,3392.510000000,18.434468070,3388.260000000,0.729129680
2024-11-12T06:50:45.039269Z,3390.580000000,1.008780100,3389.490000000,2.700000000,3390.770000000,0.434709000,3389.420000000,0.442553590,3390.780000000,2.700000000,3389.190000000,2.700000000,3391.420000000,0.729129680,3389.000000000,0.294800000,3391.700000000,0.459848030,3388.920000000,0.035000000,3391.720000000,2.700000000,3388.770000000,2.700000000,3391.960000000,1.323797750,3388.430000000,2.700000000,3392.490000000,4.428000000,3388.340000000,1.000000000,3392.500000000,73.691969740,3388.330000000,1.180828090,3392.510000000,18.434468070,3388.260000000,0.729129680
2024-11-12T06:50:45.041677Z,3390.570000000,0.434709000,3389.490000000,2.700000000,3390.580000000,1.008780100,3389.420000000,0.442553590,3390.770000000,0.434709000,3389.190000000,2.700000000,3390.780000000,2.700000000,3389.000000000,0.294800000,3391.420000000,0.729129680,3388.920000000,0.035000000,3391.700000000,0.459848030,3388.770000000,2.700000000,3391.720000000,2.700000000,3388.430000000,2.700000000,3391.960000000,1.323797750,3388.340000000,1.000000000,3392.490000000,4.428000000,3388.330000000,1.180828090,3392.500000000,73.691969740,3388.260000000,0.729129680
2024-11-12T06:50:45.042546Z,3390.570000000,0.434709000,3389.490000000,2.700000000,3390.580000000,1.008780100,3389.420000000,0.442553590,3390.770000000,0.434709000,3389.190000000,2.700000000,3390.780000000,2.700000000,3389.000000000,0.294800000,3391.420000000,0.729129680,3388.920000000,0.035000000,3391.700000000,0.459848030,3388.840000000,45.443240860,3391.720000000,2.700000000,3388.770000000,2.700000000,3391.960000000,1.323797750,3388.430000000,2.700000000,3392.490000000,4.428000000,3388.340000000,1.000000000,3392.500000000,73.691969740,3388.330000000,1.180828090
2024-11-12T06:50:45.042830Z,3390.570000000,0.434709000,3389.490000000,2.700000000,3390.580000000,1.008780100,3389.420000000,0.442553590,3390.770000000,0.434709000,3389.190000000,2.700000000,3390.780000000,2.700000000,3389.000000000,0.294800000,3391.420000000,0.729129680,3388.920000000,0.035000000,3391.700000000,0.459848030,3388.840000000,45.443240860,3391.720000000,2.700000000,3388.770000000,2.700000000,3391.960000000,1.323797750,3388.610000000,45.446291510,3392.490000000,4.428000000,3388.430000000,2.700000000,3392.500000000,73.691969740,3388.340000000,1.000000000
2024-11-12T06:50:45.043117Z,3390.570000000,0.434709000,3389.490000000,2.700000000,3390.580000000,1.008780100,3389.420000000,0.442553590,3390.770000000,0.434709000,3389.190000000,2.700000000,3390.780000000,2.700000000,3389.000000000,0.294800000,3391.420000000,0.729129680,3388.920000000,0.035000000,3391.700000000,0.459848030,3388.840000000,45.443240860,3391.720000000,2.700000000,3388.770000000,2.700000000,3391.960000000,1.323797750,3388.610000000,45.446291510,3392.490000000,4.428000000,3388.430000000,2.700000000,3392.500000000,73.691969740,3388.360000000,45.449665760
2024-11-12T06:50:45.045606Z,3390.570000000,0.434709000,3389.420000000,0.442553590,3390.580000000,1.008780100,3389.190000000,2.700000000,3390.770000000,0.434709000,3389.000000000,0.294800000,3390.780000000,2.700000000,3388.920000000,0.035000000,3391.420000000,0.729129680,3388.840000000,45.443240860,3391.700000000,0.459848030,3388.770000000,2.700000000,3391.720000000,2.700000000,3388.610000000,45.446291510,3391.960000000,1.323797750,3388.430000000,2.700000000,3392.490000000,4.428000000,3388.360000000,45.449665760,3392.500000000,73.691969740,3388.340000000,1.000000000
2024-11-12T06:50:45.051622Z,3390.570000000,0.434709000,3389.420000000,3.142553590,3390.580000000,1.008780100,3389.190000000,2.700000000,3390.770000000,0.434709000,3389.000000000,0.294800000,3390.780000000,2.700000000,3388.920000000,0.035000000,3391.420000000,0.729129680,3388.840000000,45.443240860,3391.700000000,0.459848030,3388.770000000,2.700000000,3391.720000000,2.700000000,3388.610000000,45.446291510,3391.960000000,1.323797750,3388.430000000,2.700000000,3392.490000000,4.428000000,3388.360000000,45.449665760,3392.500000000,73.691969740,3388.340000000,1.000000000
2024-11-12T06:50:45.075079Z,3390.570000000,0.434709000,3389.420000000,0.442553590,3390.580000000,1.008780100,3389.190000000,2.700000000,3390.770000000,0.434709000,3389.000000000,0.294800000,3390.780000000,2.700000000,3388.920000000,0.035000000,3391.420000000,0.729129680,3388.840000000,45.443240860,3391.700000000,0.459848030,3388.770000000,2.700000000,3391.720000000,2.700000000,3388.610000000,45.446291510,3391.960000000,1.323797750,3388.430000000,2.700000000,3392.490000000,4.428000000,3388.360000000,45.449665760,3392.500000000,73.691969740,3388.340000000,1.000000000
2024-11-12T06:50:45.078303Z,3390.570000000,0.434709000,3389.420000000,0.442553590,3390.580000000,0.008780100,3389.190000000,2.700000000,3390.770000000,0.434709000,3389.000000000,0.294800000,3390.780000000,2.700000000,3388.920000000,0.035000000,3391.420000000,0.729129680,3388.840000000,45.443240860,3391.700000000,0.459848030,3388.770000000,2.700000000,3391.720000000,2.700000000,3388.610000000,45.446291510,3391.960000000,1.323797750,3388.430000000,2.700000000,3392.490000000,4.428000000,3388.360000000,45.449665760,3392.500000000,73.691969740,3388.340000000,1.000000000
2024-11-12T06:50:45.081756Z,3390.580000000,0.008780100,3389.420000000,0.442553590,3390.770000000,0.434709000,3389.190000000,2.700000000,3390.780000000,2.700000000,3389.000000000,0.294800000,3391.420000000,0.729129680,3388.920000000,0.035000000,3391.700000000,0.459848030,3388.840000000,45.443240860,3391.720000000,2.700000000,3388.770000000,2.700000000,3391.960000000,1.323797750,3388.610000000,45.446291510,3392.490000000,4.428000000,3388.430000000,2.700000000,3392.500000000,73.691969740,3388.360000000,45.449665760,3392.510000000,18.434468070,3388.340000000,1.000000000
2024-11-12T06:50:45.082949Z,3390.580000000,0.008780100,3389.420000000,3.142553590,3390.770000000,0.434709000,3389.190000000,2.700000000,3390.780000000,2.700000000,3389.000000000,0.294800000,3391.420000000,0.729129680,3388.920000000,0.035000000,3391.700000000,0.459848030,3388.840000000,45.443240860,3391.720000000,2.700000000,3388.770000000,2.700000000,3391.960000000,1.323797750,3388.610000000,45.446291510,3392.490000000,4.428000000,3388.430000000,2.700000000,3392.500000000,73.691969740,3388.360000000,45.449665760,3392.510000000,18.434468070,3388.340000000,1.000000000
2024-11-12T06:50:45.083495Z,3390.580000000,0.008780100,3389.420000000,3.142553590,3390.770000000,0.434709000,3389.190000000,2.700000000,3390.780000000,2.700000000,3389.000000000,0.294800000,3391.420000000,0.729129680,3388.920000000,0.035000000,3391.700000000,0.459848030,3388.770000000,2.700000000,3391.720000000,2.700000000,3388.610000000,45.446291510,3391.960000000,1.323797750,3388.430000000,2.700000000,3392.490000000,4.428000000,3388.360000000,45.449665760,3392.500000000,73.691969740,3388.340000000,1.000000000,3392.510000000,18.434468070,3388.330000000,1.180828090
2024-11-12T06:50:45.086308Z,3390.030000000,73.745729670,3389.420000000,3.142553590,3390.580000000,0.008780100,3389.190000000,2.700000000,3390.770000000,0.434709000,3389.000000000,0.294800000,3390.780000000,2.700000000,3388.920000000,0.035000000,3391.420000000,0.729129680,3388.770000000,2.700000000,3391.700000000,0.459848030,3388.610000000,45.446291510,3391.720000000,2.700000000,3388.430000000,2.700000000,3391.960000000,1.323797750,3388.360000000,45.449665760,3392.490000000,4.428000000,3388.340000000,1.000000000,3392.500000000,73.691969740,3388.330000000,1.180828090
2024-11-12T06:50:45.086325Z,3390.030000000,73.745729670,3389.420000000,3.142553590,3390.580000000,0.008780100,3389.190000000,2.700000000,3390.770000000,0.434709000,3389.000000000,0.294800000,3390.780000000,2.700000000,3388.920000000,0.035000000,3391.420000000,0.729129680,3388.900000000,45.442443760,3391.700000000,0.459848030,3388.770000000,2.700000000,3391.720000000,2.700000000,3388.610000000,45.446291510,3391.960000000,1.323797750,3388.430000000,2.700000000,3392.490000000,4.428000000,3388.360000000,45.449665760,3392.500000000,73.691969740,3388.340000000,1.000000000
2024-11-12T06:50:45.089333Z,3390.580000000,0.008780100,3389.420000000,3.142553590,3390.770000000,0.434709000,3389.190000000,2.700000000,3390.780000000,2.700000000,3389.000000000,0.294800000,3391.420000000,0.729129680,3388.920000000,0.035000000,3391.700000000,0.459848030,3388.900000000,45.442443760,3391.720000000,2.700000000,3388.770000000,2.700000000,3391.960000000,1.323797750,3388.610000000,45.446291510,3392.490000000,4.428000000,3388.430000000,2.700000000,3392.500000000,73.691969740,3388.360000000,45.449665760,3392.510000000,18.434468070,3388.340000000,1.000000000
2024-11-12T06:50:45.089387Z,3390.580000000,0.008780100,3389.420000000,3.142553590,3390.770000000,0.434709000,3389.190000000,2.700000000,3390.780000000,2.700000000,3389.000000000,0.294800000,3391.420000000,0.729129680,3388.920000000,0.035000000,3391.700000000,0.459848030,3388.770000000,2.700000000,3391.720000000,2.700000000,3388.610000000,45.446291510,3391.960000000,1.323797750,3388.430000000,2.700000000,3392.490000000,4.428000000,3388.360000000,45.449665760,3392.500000000,73.691969740,3388.340000000,1.000000000,3392.510000000,18.434468070,3388.330000000,1.180828090
2024-11-12T06:50:45.102974Z,3390.760000000,0.008780100,3389.420000000,3.142553590,3390.770000000,0.434709000,3389.190000000,2.700000000,3390.780000000,2.700000000,3389.000000000,0.294800000,3391.420000000,0.729129680,3388.920000000,0.035000000,3391.700000000,0.459848030,3388.770000000,2.700000000,3391.720000000,2.700000000,3388.610000000,45.446291510,3391.960000000,1.323797750,3388.430000000,2.700000000,3392.490000000,4.428000000,3388.360000000,45.449665760,3392.500000000,73.691969740,3388.340000000,1.000000000,3392.510000000,18.434468070,3388.330000000,1.180828090
2024-11-12T06:50:45.106129Z,3390.750000000,73.730074660,3389.420000000,3.142553590,3390.760000000,0.008780100,3389.190000000,2.700000000,3390.770000000,0.434709000,3389.000000000,0.294800000,3390.780000000,2.700000000,3388.920000000,0.035000000,3391.420000000,0.729129680,3388.770000000,2.700000000,3391.700000000,0.459848030,3388.610000000,45.446291510,3391.720000000,2.700000000,3388.430000000,2.700000000,3391.960000000,1.323797750,3388.360000000,45.449665760,3392.490000000,4.428000000,3388.340000000,1.000000000,3392.500000000,73.691969740,3388.330000000,1.180828090
2024-11-12T06:50:45.109372Z,3390.750000000,73.730074660,3389.420000000,3.142553590,3390.760000000,0.008780100,3389.190000000,2.700000000,3390.780000000,2.700000000,3389.000000000,0.294800000,3391.420000000,0.729129680,3388.920000000,0.035000000,3391.700000000,0.459848030,3388.770000000,2.700000000,3391.720000000,2.700000000,3388.610000000,45.446291510,3391.960000000,1.323797750,3388.430000000,2.700000000,3392.490000000,4.428000000,3388.360000000,45.449665760,3392.500000000,73.691969740,3388.340000000,1.000000000,3392.510000000,18.434468070,3388.330000000,1.180828090
2024-11-12T06:50:45.109455Z,3390.760000000,0.008780100,3389.420000000,3.142553590,3390.780000000,2.700000000,3389.190000000,2.700000000,3391.420000000,0.729129680,3389.000000000,0.294800000,3391.700000000,0.459848030,3388.920000000,0.035000000,3391.720000000,2.700000000,3388.770000000,2.700000000,3391.960000000,1.323797750,3388.610000000,45.446291510,3392.490000000,4.428000000,3388.430000000,2.700000000,3392.500000000,73.691969740,3388.360000000,45.449665760,3392.510000000,18.434468070,3388.340000000,1.000000000,3392.520000000,1.000000000,3388.330000000,1.180828090
2024-11-12T06:50:45.109745Z,3390.740000000,0.434709000,3389.420000000,3.142553590,3390.760000000,0.008780100,3389.190000000,2.700000000,3390.780000000,2.700000000,3389.000000000,0.294800000,3391.420000000,0.729129680,3388.920000000,0.035000000,3391.700000000,0.459848030,3388.770000000,2.700000000,3391.720000000,2.700000000,3388.610000000,45.446291510,3391.960000000,1.323797750,3388.430000000,2.700000000,3392.490000000,4.428000000,3388.360000000,45.449665760,3392.500000000,73.691969740,3388.340000000,1.000000000,3392.510000000,18.434468070,3388.330000000,1.180828090
2024-11-12T06:50:45.121782Z,3390.740000000,0.434709000,3389.420000000,3.142553590,3390.770000000,0.008780100,3389.190000000,2.700000000,3390.780000000,2.700000000,3389.000000000,0.294800000,3391.420000000,0.729129680,3388.920000000,0.035000000,3391.700000000,0.459848030,3388.770000000,2.700000000,3391.720000000,2.700000000,3388.610000000,45.446291510,3391.960000000,1.323797750,3388.430000000,2.700000000,3392.490000000,4.428000000,3388.360000000,45.449665760,3392.500000000,73.691969740,3388.340000000,1.000000000,3392.510000000,18.434468070,3388.330000000,1.180828090
2024-11-12T06:50:45.146016Z,3389.950000000,73.747489740,3389.420000000,3.142553590,3390.740000000,0.434709000,3389.190000000,2.700000000,3390.770000000,0.008780100,3389.000000000,0.294800000,3390.780000000,2.700000000,3388.920000000,0.035000000,3391.420000000,0.729129680,3388.770000000,2.700000000,3391.700000000,0.459848030,3388.610000000,45.446291510,3391.720000000,2.700000000,3388.430000000,2.700000000,3391.960000000,1.323797750,3388.360000000,45.449665760,3392.490000000,4.428000000,3388.340000000,1.000000000,3392.500000000,73.691969740,3388.330000000,1.180828090
2024-11-12T06:50:45.146035Z,3389.950000000,73.747489740,3389.420000000,3.142553590,3390.740000000,0.434709000,3389.190000000,2.700000000,3390.770000000,0.008780100,3389.000000000,0.294800000,3390.780000000,2.700000000,3388.920000000,0.035000000,3391.420000000,0.729129680,3388.780000000,45.444053960,3391.700000000,0.459848030,3388.770000000,2.700000000,3391.720000000,2.700000000,3388.610000000,45.446291510,3391.960000000,1.323797750,3388.430000000,2.700000000,3392.490000000,4.428000000,3388.360000000,45.449665760,3392.500000000,73.691969740,3388.340000000,1.000000000
2024-11-12T06:50:45.172352Z,3389.950000000,73.747489740,3389.420000000,0.442553590,3390.740000000,0.434709000,3389.190000000,2.700000000,3390.770000000,0.008780100,3389.000000000,0.294800000,3390.780000000,2.700000000,3388.920000000,0.035000000,3391.420000000,0.729129680,3388.780000000,45.444053960,3391.700000000,0.459848030,3388.770000000,2.700000000,3391.720000000,2.700000000,3388.610000000,45.446291510,3391.960000000,1.323797750,3388.430000000,2.700000000,3392.490000000,4.428000000,3388.360000000,45.449665760,3392.500000000,73.691969740,3388.340000000,1.000000000
2024-11-12T06:50:45.213722Z,3390.740000000,0.434709000,3389.420000000,0.442553590,3390.770000000,0.008780100,3389.190000000,2.700000000,3390.780000000,2.700000000,3389.000000000,0.294800000,3391.420000000,0.729129680,3388.920000000,0.035000000,3391.700000000,0.459848030,3388.780000000,45.444053960,3391.720000000,2.700000000,3388.770000000,2.700000000,3391.960000000,1.323797750,3388.610000000,45.446291510,3392.490000000,4.428000000,3388.430000000,2.700000000,3392.500000000,73.691969740,3388.360000000,45.449665760,3392.510000000,18.434468070,3388.340000000,1.000000000
2024-11-12T06:50:45.214353Z,3390.740000000,0.434709000,3389.420000000,0.442553590,3390.770000000,0.008780100,3389.190000000,2.700000000,3390.780000000,2.700000000,3389.000000000,0.294800000,3391.420000000,0.729129680,3388.920000000,0.035000000,3391.700000000,0.459848030,3388.790000000,3.400000000,3391.720000000,2.700000000,3388.780000000,45.444053960,3391.960000000,1.323797750,3388.770000000,2.700000000,3392.490000000,4.428000000,3388.610000000,45.446291510,3392.500000000,73.691969740,3388.430000000,2.700000000,3392.510000000,18.434468070,3388.360000000,45.449665760
2024-11-12T06:50:45.216907Z,3390.180000000,73.742441320,3389.420000000,0.442553590,3390.740000000,0.434709000,3389.190000000,2.700000000,3390.770000000,0.008780100,3389.000000000,0.294800000,3390.780000000,2.700000000,3388.920000000,0.035000000,3391.420000000,0.729129680,3388.790000000,3.400000000,3391.700000000,0.459848030,3388.780000000,45.444053960,3391.720000000,2.700000000,3388.770000000,2.700000000,3391.960000000,1.323797750,3388.610000000,45.446291510,3392.490000000,4.428000000,3388.430000000,2.700000000,3392.500000000,73.691969740,3388.360000000,45.449665760
2024-11-12T06:50:45.217060Z,3389.900000000,73.748648980,3389.420000000,0.442553590,3390.180000000,73.742441320,3389.190000000,2.700000000,3390.740000000,0.434709000,3389.000000000,0.294800000,3390.770000000,0.008780100,3388.920000000,0.035000000,3390.780000000,2.700000000,3388.790000000,3.400000000,3391.420000000,0.729129680,3388.780000000,45.444053960,3391.700000000,0.459848030,3388.770000000,2.700000000,3391.720000000,2.700000000,3388.610000000,45.446291510,3391.960000000,1.323797750,3388.430000000,2.700000000,3392.490000000,4.428000000,3388.360000000,45.449665760
2024-11-12T06:50:45.219483Z,3389.900000000,73.748648980,3389.420000000,0.442553590,3390.180000000,73.742441320,3389.000000000,0.294800000,3390.740000000,0.434709000,3388.920000000,0.035000000,3390.770000000,0.008780100,3388.790000000,3.400000000,3390.780000000,2.700000000,3388.780000000,45.444053960,3391.420000000,0.729129680,3388.770000000,2.700000000,3391.700000000,0.459848030,3388.610000000,45.446291510,3391.720000000,2.700000000,3388.430000000,2.700000000,3391.960000000,1.323797750,3388.360000000,45.449665760,3392.490000000,4.428000000,3388.340000000,1.000000000
2024-11-12T06:50:45.219856Z,3389.900000000,73.748648980,3389.420000000,0.442553590,3390.740000000,0.434709000,3389.000000000,0.294800000,3390.770000000,0.008780100,3388.920000000,0.035000000,3390.780000000,2.700000000,3388.790000000,3.400000000,3391.420000000,0.729129680,3388.780000000,45.444053960,3391.700000000,0.459848030,3388.770000000,2.700000000,3391.720000000,2.700000000,3388.610000000,45.446291510,3391.960000000,1.323797750,3388.430000000,2.700000000,3392.490000000,4.428000000,3388.360000000,45.449665760,3392.500000000,73.691969740,3388.340000000,1.000000000
2024-11-12T06:50:45.222906Z,3389.900000000,73.748648980,3389.420000000,0.442553590,3389.960000000,73.747199770,3389.000000000,0.294800000,3390.740000000,0.434709000,3388.920000000,0.035000000,3390.770000000,0.008780100,3388.790000000,3.400000000,3390.780000000,2.700000000,3388.780000000,45.444053960,3391.420000000,0.729129680,3388.770000000,2.700000000,3391.700000000,0.459848030,3388.610000000,45.446291510,3391.720000000,2.700000000,3388.430000000,2.700000000,3391.960000000,1.323797750,3388.360000000,45.449665760,3392.490000000,4.428000000,3388.340000000,1.000000000
2024-11-12T06:50:45.234713Z,3389.900000000,73.748648980,3389.420000000,0.442553590,3389.960000000,73.747199770,3389.000000000,0.294800000,3390.740000000,0.434709000,3388.920000000,0.035000000,3390.770000000,0.008780100,3388.790000000,3.400000000,3390.780000000,2.700000000,3388.770000000,2.700000000,3391.420000000,0.729129680,3388.610000000,45.446291510,3391.700000000,0.459848030,3388.430000000,2.700000000,3391.720000000,2.700000000,3388.360000000,45.449665760,3391.960000000,1.323797750,3388.340000000,1.000000000,3392.490000000,4.428000000,3388.330000000,1.180828090
2024-11-12T06:50:45.237290Z,3389.900000000,73.748648980,3389.420000000,0.442553590,3389.960000000,73.747199770,3389.000000000,0.294800000,3390.740000000,0.434709000,3388.920000000,0.035000000,3390.770000000,0.008780100,3388.770000000,2.700000000,3390.780000000,2.700000000,3388.610000000,45.446291510,3391.420000000,0.729129680,3388.430000000,2.700000000,3391.700000000,0.459848030,3388.360000000,45.449665760,3391.720000000,2.700000000,3388.340000000,1.000000000,3391.960000000,1.323797750,3388.330000000,1.180828090,3392.490000000,4.428000000,3388.260000000,0.729129680
2024-11-12T06:50:45.257632Z,3389.960000000,73.747199770,3389.420000000,0.442553590,3390.740000000,0.434709000,3389.000000000,0.294800000,3390.770000000,0.008780100,3388.920000000,0.035000000,3390.780000000,2.700000000,3388.770000000,2.700000000,3391.420000000,0.729129680,3388.610000000,45.446291510,3391.700000000,0.459848030,3388.430000000,2.700000000,3391.720000000,2.700000000,3388.360000000,45.449665760,3391.960000000,1.323797750,3388.340000000,1.000000000,3392.490000000,4.428000000,3388.330000000,1.180828090,3392.500000000,73.691969740,3388.260000000,0.729129680
2024-11-12T06:50:45.259452Z,3390.740000000,0.434709000,3389.420000000,0.442553590,3390.770000000,0.008780100,3389.000000000,0.294800000,3390.780000000,2.700000000,3388.920000000,0.035000000,3391.420000000,0.729129680,3388.770000000,2.700000000,3391.700000000,0.459848030,3388.610000000,45.446291510,3391.720000000,2.700000000,3388.430000000,2.700000000,3391.960000000,1.323797750,3388.360000000,45.449665760,3392.490000000,4.428000000,3388.340000000,1.000000000,3392.500000000,73.691969740,3388.330000000,1.180828090,3392.510000000,18.434468070,3388.260000000,0.729129680
2024-11-12T06:50:45.265419Z,3390.740000000,0.434709000,3389.420000000,0.442553590,3390.770000000,0.008780100,3389.000000000,0.294800000,3390.780000000,2.700000000,3388.920000000,0.035000000,3391.420000000,0.729129680,3388.770000000,2.700000000,3391.700000000,0.459848030,3388.610000000,45.446291510,3391.720000000,2.700000000,3388.430000000,2.700000000,3391.960000000,1.323797750,3388.340000000,1.000000000,3392.490000000,4.428000000,3388.330000000,1.180828090,3392.500000000,73.691969740,3388.260000000,0.729129680,3392.510000000,18.434468070,3387.780000000,0.845746420
2024-11-12T06:50:45.315970Z,3390.740000000,3.134709000,3389.420000000,0.442553590,3390.770000000,0.008780100,3389.000000000,0.294800000,3390.780000000,2.700000000,3388.920000000,0.035000000,3391.420000000,0.729129680,3388.770000000,2.700000000,3391.700000000,0.459848030,3388.610000000,45.446291510,3391.720000000,2.700000000,3388.430000000,2.700000000,3391.960000000,1.323797750,3388.340000000,1.000000000,3392.490000000,4.428000000,3388.330000000,1.180828090,3392.500000000,73.691969740,3388.260000000,0.729129680,3392.510000000,18.434468070,3387.780000000,0.845746420
2024-11-12T06:50:45.329891Z,3390.580000000,2.700000000,3389.420000000,0.442553590,3390.740000000,3.134709000,3389.000000000,0.294800000,3390.770000000,0.008780100,3388.920000000,0.035000000,3390.780000000,2.700000000,3388.770000000,2.700000000,3391.420000000,0.729129680,3388.610000000,45.446291510,3391.700000000,0.459848030,3388.430000000,2.700000000,3391.720000000,2.700000000,3388.340000000,1.000000000,3391.960000000,1.323797750,3388.330000000,1.180828090,3392.490000000,4.428000000,3388.260000000,0.729129680,3392.500000000,73.691969740,3387.780000000,0.845746420
2024-11-12T06:50:45.332751Z,3390.570000000,0.434709000,3389.420000000,0.442553590,3390.580000000,2.700000000,3389.000000000,0.294800000,3390.740000000,3.134709000,3388.920000000,0.035000000,3390.770000000,0.008780100,3388.770000000,2.700000000,3390.780000000,2.700000000,3388.610000000,45.446291510,3391.420000000,0.729129680,3388.430000000,2.700000000,3391.700000000,0.459848030,3388.340000000,1.000000000,3391.720000000,2.700000000,3388.330000000,1.180828090,3391.960000000,1.323797750,3388.260000000,0.729129680,3392.490000000,4.428000000,3387.780000000,0.845746420
2024-11-12T06:50:45.411485Z,3390.570000000,0.434709000,3389.420000000,0.442553590,3390.580000000,2.700000000,3389.000000000,0.294800000,3390.740000000,3.134709000,3388.920000000,0.035000000,3390.770000000,0.008780100,3388.780000000,0.059009750,3390.780000000,2.700000000,3388.770000000,2.700000000,3391.420000000,0.729129680,3388.610000000,45.446291510,3391.700000000,0.459848030,3388.430000000,2.700000000,3391.720000000,2.700000000,3388.340000000,1.000000000,3391.960000000,1.323797750,3388.330000000,1.180828090,3392.490000000,4.428000000,3388.260000000,0.729129680
2024-11-12T06:50:45.417683Z,3390.570000000,0.434709000,3389.420000000,0.442553590,3390.580000000,2.700000000,3389.000000000,0.294800000,3390.740000000,3.134709000,3388.920000000,0.035000000,3390.770000000,0.008780100,3388.780000000,0.059009750,3390.780000000,2.700000000,3388.770000000,2.700000000,3391.420000000,0.729129680,3388.430000000,2.700000000,3391.700000000,0.459848030,3388.340000000,1.000000000,3391.720000000,2.700000000,3388.330000000,1.180828090,3391.960000000,1.323797750,3388.260000000,0.729129680,3392.490000000,4.428000000,3387.780000000,0.845746420
2024-11-12T06:50:45.430126Z,3390.560000000,0.008780100,3389.420000000,0.442553590,3390.570000000,0.434709000,3389.000000000,0.294800000,3390.580000000,2.700000000,3388.920000000,0.035000000,3390.740000000,3.134709000,3388.780000000,0.059009750,3390.780000000,2.700000000,3388.770000000,2.700000000,3391.420000000,0.729129680,3388.430000000,2.700000000,3391.700000000,0.459848030,3388.340000000,1.000000000,3391.720000000,2.700000000,3388.330000000,1.180828090,3391.960000000,1.323797750,3388.260000000,0.729129680,3392.490000000,4.428000000,3387.780000000,0.845746420
2024-11-12T06:50:45.435822Z,3390.560000000,0.008780100,3389.420000000,0.442553590,3390.570000000,0.434709000,3389.000000000,0.294800000,3390.580000000,2.700000000,3388.920000000,0.035000000,3390.740000000,2.700000000,3388.780000000,0.059009750,3390.780000000,2.700000000,3388.770000000,2.700000000,3391.420000000,0.729129680,3388.430000000,2.700000000,3391.700000000,0.459848030,3388.340000000,1.000000000,3391.720000000,2.700000000,3388.330000000,1.180828090,3391.960000000,1.323797750,3388.260000000,0.729129680,3392.490000000,4.428000000,3387.780000000,0.845746420
2024-11-12T06:50:45.575292Z,3390.560000000,0.008780100,3389.420000000,0.442553590,3390.570000000,0.434709000,3389.000000000,0.294800000,3390.580000000,2.700000000,3388.920000000,0.035000000,3390.740000000,2.700000000,3388.780000000,0.059009750,3390.780000000,2.700000000,3388.770000000,2.700000000,3391.420000000,0.729129680,3388.430000000,2.700000000,3391.700000000,0.459848030,3388.360000000,4.248129820,3391.720000000,2.700000000,3388.340000000,1.000000000,3391.960000000,1.323797750,3388.330000000,1.180828090,3392.490000000,4.428000000,3388.260000000,0.729129680
2024-11-12T06:50:45.577088Z,3390.560000000,0.008780100,3389.420000000,0.442553590,3390.570000000,0.434709000,3389.000000000,0.294800000,3390.580000000,2.700000000,3388.920000000,0.035000000,3390.740000000,2.700000000,3388.780000000,0.059009750,3390.780000000,2.700000000,3388.770000000,2.700000000,3391.160000000,4.248129820,3388.430000000,2.700000000,3391.420000000,0.729129680,3388.360000000,4.248129820,3391.700000000,0.459848030,3388.340000000,1.000000000,3391.720000000,2.700000000,3388.330000000,1.180828090,3391.960000000,1.323797750,3388.260000000,0.729129680
2024-11-12T06:50:45.578718Z,3390.560000000,0.008780100,3389.420000000,0.442553590,3390.570000000,0.434709000,3389.000000000,0.294800000,3390.580000000,2.700000000,3388.920000000,0.035000000,3390.740000000,2.700000000,3388.780000000,0.059009750,3390.780000000,2.700000000,3388.770000000,2.700000000,3391.100000000,5.900000000,3388.430000000,2.700000000,3391.160000000,4.248129820,3388.360000000,4.248129820,3391.420000000,0.729129680,3388.340000000,1.000000000,3391.700000000,0.459848030,3388.330000000,1.180828090,3391.720000000,2.700000000,3388.260000000,0.729129680
2024-11-12T06:50:45.599858Z,3390.560000000,0.008780100,3389.420000000,3.142553590,3390.570000000,0.434709000,3389.000000000,0.294800000,3390.580000000,2.700000000,3388.920000000,0.035000000,3390.740000000,2.700000000,3388.780000000,0.059009750,3390.780000000,2.700000000,3388.770000000,2.700000000,3391.100000000,5.900000000,3388.430000000,2.700000000,3391.160000000,4.248129820,3388.360000000,4.248129820,3391.420000000,0.729129680,3388.340000000,1.000000000,3391.700000000,0.459848030,3388.330000000,1.180828090,3391.720000000,2.700000000,3388.260000000,0.729129680
2024-11-12T06:50:45.653968Z,3390.560000000,0.008780100,3389.420000000,3.142553590,3390.570000000,0.434709000,3389.000000000,0.294800000,3390.580000000,2.700000000,3388.920000000,0.035000000,3390.740000000,2.700000000,3388.780000000,0.059009750,3390.780000000,2.700000000,3388.770000000,2.700000000,3391.100000000,5.900000000,3388.740000000,45.444556760,3391.160000000,4.248129820,3388.430000000,2.700000000,3391.420000000,0.729129680,3388.360000000,4.248129820,3391.700000000,0.459848030,3388.340000000,1.000000000,3391.720000000,2.700000000,3388.330000000,1.180828090
2024-11-12T06:50:45.654080Z,3390.560000000,0.008780100,3389.420000000,3.142553590,3390.570000000,0.434709000,3389.000000000,0.294800000,3390.580000000,2.700000000,3388.920000000,0.035000000,3390.740000000,2.700000000,3388.780000000,0.059009750,3390.780000000,2.700000000,3388.770000000,2.700000000,3391.100000000,5.900000000,3388.740000000,45.444556760,3391.160000000,4.248129820,3388.530000000,45.447419880,3391.420000000,0.729129680,3388.430000000,2.700000000,3391.700000000,0.459848030,3388.360000000,4.248129820,3391.720000000,2.700000000,3388.340000000,1.000000000
2024-11-12T06:50:45.654099Z,3390.560000000,0.008780100,3389.420000000,3.142553590,3390.570000000,0.434709000,3389.000000000,0.294800000,3390.580000000,2.700000000,3388.920000000,0.035000000,3390.740000000,2.700000000,3388.780000000,0.059009750,3390.780000000,2.700000000,3388.770000000,2.700000000,3391.100000000,5.900000000,3388.740000000,45.444556760,3391.160000000,4.248129820,3388.530000000,45.447419880,3391.420000000,0.729129680,3388.430000000,2.700000000,3391.700000000,0.459848030,3388.380000000,45.449439770,3391.720000000,2.700000000,3388.360000000,4.248129820
2024-11-12T06:50:45.654264Z,3390.560000000,0.008780100,3389.420000000,3.142553590,3390.570000000,0.434709000,3389.000000000,0.294800000,3390.580000000,2.700000000,3388.920000000,0.035000000,3390.740000000,2.700000000,3388.880000000,45.442627560,3390.780000000,2.700000000,3388.780000000,0.059009750,3391.100000000,5.900000000,3388.770000000,2.700000000,3391.160000000,4.248129820,3388.740000000,45.444556760,3391.420000000,0.729129680,3388.530000000,45.447419880,3391.700000000,0.459848030,3388.430000000,2.700000000,3391.720000000,2.700000000,3388.380000000,45.449439770
2024-11-12T06:50:45.657821Z,3390.560000000,0.008780100,3389.420000000,3.142553590,3390.570000000,0.434709000,3389.000000000,0.294800000,3390.580000000,2.700000000,3388.920000000,0.035000000,3390.740000000,2.700000000,3388.880000000,45.442627560,3390.780000000,2.700000000,3388.770000000,2.700000000,3391.100000000,5.900000000,3388.740000000,45.444556760,3391.160000000,4.248129820,3388.530000000,45.447419880,3391.420000000,0.729129680,3388.430000000,2.700000000,3391.700000000,0.459848030,3388.380000000,45.449439770,3391.720000000,2.700000000,3388.360000000,4.248129820
2024-11-12T06:50:45.662397Z,3390.560000000,0.008780100,3389.420000000,3.142553590,3390.570000000,0.434709000,3389.000000000,0.294800000,3390.580000000,2.700000000,3388.920000000,0.035000000,3390.740000000,2.700000000,3388.770000000,2.700000000,3390.780000000,2.700000000,3388.740000000,45.444556760,3391.100000000,5.900000000,3388.530000000,45.447419880,3391.160000000,4.248129820,3388.430000000,2.700000000,3391.420000000,0.729129680,3388.380000000,45.449439770,3391.700000000,0.459848030,3388.360000000,4.248129820,3391.720000000,2.700000000,3388.340000000,1.000000000
2024-11-12T06:50:45.707467Z,3390.560000000,0.008780100,3389.420000000,0.442553590,3390.570000000,0.434709000,3389.000000000,0.294800000,3390.580000000,2.700000000,3388.920000000,0.035000000,3390.740000000,2.700000000,3388.770000000,2.700000000,3390.780000000,2.700000000,3388.740000000,45.444556760,3391.100000000,5.900000000,3388.530000000,45.447419880,3391.160000000,4.248129820,3388.430000000,2.700000000,3391.420000000,0.729129680,3388.380000000,45.449439770,3391.700000000,0.459848030,3388.360000000,4.248129820,3391.720000000,2.700000000,3388.340000000,1.000000000
2024-11-12T06:50:45.709912Z,3390.560000000,0.008780100,3389.420000000,0.442553590,3390.570000000,0.434709000,3389.100000000,6.300000000,3390.580000000,2.700000000,3389.000000000,0.294800000,3390.740000000,2.700000000,3388.920000000,0.035000000,3390.780000000,2.700000000,3388.770000000,2.700000000,3391.100000000,5.900000000,3388.740000000,45.444556760,3391.160000000,4.248129820,3388.530000000,45.447419880,3391.420000000,0.729129680,3388.430000000,2.700000000,3391.700000000,0.459848030,3388.380000000,45.449439770,3391.720000000,2.700000000,3388.360000000,4.248129820
2024-11-12T06:50:45.755519Z,3390.560000000,0.008780100,3389.420000000,0.442553590,3390.570000000,0.434709000,3389.100000000,6.300000000,3390.580000000,2.700000000,3389.000000000,0.294800000,3390.740000000,2.700000000,3388.920000000,0.035000000,3390.780000000,2.700000000,3388.810000000,45.443568480,3391.100000000,5.900000000,3388.770000000,2.700000000,3391.160000000,4.248129820,3388.740000000,45.444556760,3391.420000000,0.729129680,3388.530000000,45.447419880,3391.700000000,0.459848030,3388.430000000,2.700000000,3391.720000000,2.700000000,3388.380000000,45.449439770
2024-11-12T06:50:45.759850Z,3390.560000000,0.008780100,3389.420000000,0.442553590,3390.570000000,0.434709000,3389.110000000,6.225000000,3390.580000000,2.700000000,3389.100000000,6.300000000,3390.740000000,2.700000000,3389.000000000,0.294800000,3390.780000000,2.700000000,3388.920000000,0.035000000,3391.100000000,5.900000000,3388.810000000,45.443568480,3391.160000000,4.248129820,3388.770000000,2.700000000,3391.420000000,0.729129680,3388.740000000,45.444556760,3391.700000000,0.459848030,3388.530000000,45.447419880,3391.720000000,2.700000000,3388.430000000,2.700000000
2024-11-12T06:50:45.779697Z,3389.890000000,73.748835870,3389.420000000,0.442553590,3390.560000000,0.008780100,3389.110000000,6.225000000,3390.570000000,0.434709000,3389.100000000,6.300000000,3390.580000000,2.700000000,3389.000000000,0.294800000,3390.740000000,2.700000000,3388.920000000,0.035000000,3390.780000000,2.700000000,3388.810000000,45.443568480,3391.100000000,5.900000000,3388.770000000,2.700000000,3391.160000000,4.248129820,3388.740000000,45.444556760,3391.420000000,0.729129680,3388.530000000,45.447419880,3391.700000000,0.459848030,3388.430000000,2.700000000
2024-11-12T06:50:45.779868Z,3389.890000000,73.748835870,3389.420000000,0.442553590,3390.550000000,73.734380330,3389.110000000,6.225000000,3390.560000000,0.008780100,3389.100000000,6.300000000,3390.570000000,0.434709000,3389.000000000,0.294800000,3390.580000000,2.700000000,3388.920000000,0.035000000,3390.740000000,2.700000000,3388.810000000,45.443568480,3390.780000000,2.700000000,3388.770000000,2.700000000,3391.100000000,5.900000000,3388.740000000,45.444556760,3391.160000000,4.248129820,3388.530000000,45.447419880,3391.420000000,0.729129680,3388.430000000,2.700000000
2024-11-12T06:50:45.779891Z,3389.890000000,73.748835870,3389.420000000,0.442553590,3389.960000000,73.747397790,3389.110000000,6.225000000,3390.550000000,73.734380330,3389.100000000,6.300000000,3390.560000000,0.008780100,3389.000000000,0.294800000,3390.570000000,0.434709000,3388.920000000,0.035000000,3390.580000000,2.700000000,3388.810000000,45.443568480,3390.740000000,2.700000000,3388.770000000,2.700000000,3390.780000000,2.700000000,3388.740000000,45.444556760,3391.100000000,5.900000000,3388.530000000,45.447419880,3391.160000000,4.248129820,3388.430000000,2.700000000
2024-11-12T06:50:45.779938Z,3389.890000000,73.748835870,3389.420000000,0.442553590,3389.960000000,73.747397790,3389.110000000,6.225000000,3390.120000000,73.743820210,3389.100000000,6.300000000,3390.550000000,73.734380330,3389.000000000,0.294800000,3390.560000000,0.008780100,3388.920000000,0.035000000,3390.570000000,0.434709000,3388.810000000,45.443568480,3390.580000000,2.700000000,3388.770000000,2.700000000,3390.740000000,2.700000000,3388.740000000,45.444556760,3390.780000000,2.700000000,3388.530000000,45.447419880,3391.100000000,5.900000000,3388.430000000,2.700000000
2024-11-12T06:50:45.787318Z,3389.960000000,73.747397790,3389.420000000,0.442553590,3390.120000000,73.743820210,3389.110000000,6.225000000,3390.550000000,73.734380330,3389.100000000,6.300000000,3390.560000000,0.008780100,3389.000000000,0.294800000,3390.570000000,0.434709000,3388.920000000,0.035000000,3390.580000000,2.700000000,3388.810000000,45.443568480,3390.740000000,2.700000000,3388.770000000,2.700000000,3390.780000000,2.700000000,3388.740000000,45.444556760,3391.100000000,5.900000000,3388.530000000,45.447419880,3391.160000000,4.248129820,3388.430000000,2.700000000
2024-11-12T06:50:45.790210Z,3390.120000000,73.743820210,3389.420000000,0.442553590,3390.550000000,73.734380330,3389.110000000,6.225000000,3390.560000000,0.008780100,3389.100000000,6.300000000,3390.570000000,0.434709000,3389.000000000,0.294800000,3390.580000000,2.700000000,3388.920000000,0.035000000,3390.740000000,2.700000000,3388.810000000,45.443568480,3390.780000000,2.700000000,3388.770000000,2.700000000,3391.100000000,5.900000000,3388.740000000,45.444556760,3391.160000000,4.248129820,3388.530000000,45.447419880,3391.210000000,73.720176870,3388.430000000,2.700000000
2024-11-12T06:50:45.793344Z,3390.550000000,73.734380330,3389.420000000,0.442553590,3390.560000000,0.008780100,3389.110000000,6.225000000,3390.570000000,0.434709000,3389.100000000,6.300000000,3390.580000000,2.700000000,3389.000000000,0.294800000,3390.740000000,2.700000000,3388.920000000,0.035000000,3390.780000000,2.700000000,3388.810000000,45.443568480,3391.100000000,5.900000000,3388.770000000,2.700000000,3391.160000000,4.248129820,3388.740000000,45.444556760,3391.210000000,73.720176870,3388.530000000,45.447419880,3391.420000000,0.729129680,3388.430000000,2.700000000
2024-11-12T06:50:45.795668Z,3390.390000000,2.700000000,3389.420000000,0.442553590,3390.550000000,73.734380330,3389.110000000,6.225000000,3390.560000000,0.008780100,3389.100000000,6.300000000,3390.570000000,0.434709000,3389.000000000,0.294800000,3390.580000000,2.700000000,3388.920000000,0.035000000,3390.740000000,2.700000000,3388.810000000,45.443568480,3390.780000000,2.700000000,3388.770000000,2.700000000,3391.100000000,5.900000000,3388.740000000,45.444556760,3391.160000000,4.248129820,3388.530000000,45.447419880,3391.210000000,73.720176870,3388.430000000,2.700000000
2024-11-12T06:50:45.796530Z,3390.390000000,2.700000000,3389.420000000,0.442553590,3390.560000000,0.008780100,3389.110000000,6.225000000,3390.570000000,0.434709000,3389.100000000,6.300000000,3390.580000000,2.700000000,3389.000000000,0.294800000,3390.740000000,2.700000000,3388.920000000,0.035000000,3390.780000000,2.700000000,3388.810000000,45.443568480,3391.100000000,5.900000000,3388.770000000,2.700000000,3391.160000000,4.248129820,3388.740000000,45.444556760,3391.210000000,73.720176870,3388.530000000,45.447419880,3391.420000000,0.729129680,3388.430000000,2.700000000
2024-11-12T06:50:45.796607Z,3390.390000000,2.700000000,3389.420000000,0.442553590,3390.560000000,0.008780100,3389.110000000,6.225000000,3390.570000000,0.434709000,3389.100000000,6.300000000,3390.580000000,2.700000000,3389.000000000,0.294800000,3390.740000000,2.700000000,3388.920000000,0.035000000,3391.100000000,5.900000000,3388.810000000,45.443568480,3391.160000000,4.248129820,3388.770000000,2.700000000,3391.210000000,73.720176870,3388.740000000,45.444556760,3391.420000000,0.729129680,3388.530000000,45.447419880,3391.700000000,74.169240780,3388.430000000,2.700000000
2024-11-12T06:50:45.796779Z,3390.390000000,2.700000000,3389.420000000,0.442553590,3390.540000000,0.434709000,3389.110000000,6.225000000,3390.560000000,0.008780100,3389.100000000,6.300000000,3390.570000000,0.434709000,3389.000000000,0.294800000,3390.580000000,2.700000000,3388.920000000,0.035000000,3390.740000000,2.700000000,3388.810000000,45.443568480,3391.100000000,5.900000000,3388.770000000,2.700000000,3391.160000000,4.248129820,3388.740000000,45.444556760,3391.210000000,73.720176870,3388.530000000,45.447419880,3391.420000000,0.729129680,3388.430000000,2.700000000
2024-11-12T06:50:45.835364Z,3390.390000000,2.700000000,3389.420000000,0.442553590,3390.540000000,0.434709000,3389.110000000,6.225000000,3390.560000000,0.008780100,3389.100000000,6.300000000,3390.570000000,0.434709000,3389.000000000,0.294800000,3390.580000000,2.700000000,3388.920000000,0.035000000,3390.740000000,2.700000000,3388.770000000,2.700000000,3391.100000000,5.900000000,3388.740000000,45.444556760,3391.160000000,4.248129820,3388.530000000,45.447419880,3391.210000000,73.720176870,3388.430000000,2.700000000,3391.420000000,0.729129680,3388.380000000,45.449439770
2024-11-12T06:50:45.838269Z,3389.820000000,73.750365990,3389.420000000,0.442553590,3390.390000000,2.700000000,3389.110000000,6.225000000,3390.540000000,0.434709000,3389.100000000,6.300000000,3390.560000000,0.008780100,3389.000000000,0.294800000,3390.570000000,0.434709000,3388.920000000,0.035000000,3390.580000000,2.700000000,3388.770000000,2.700000000,3390.740000000,2.700000000,3388.740000000,45.444556760,3391.100000000,5.900000000,3388.530000000,45.447419880,3391.160000000,4.248129820,3388.430000000,2.700000000,3391.210000000,73.720176870,3388.380000000,45.449439770
2024-11-12T06:50:45.838305Z,3389.820000000,73.750365990,3389.420000000,0.442553590,3390.390000000,2.700000000,3389.110000000,6.225000000,3390.540000000,0.434709000,3389.100000000,6.300000000,3390.560000000,0.008780100,3389.000000000,0.294800000,3390.570000000,0.434709000,3388.920000000,0.035000000,3390.580000000,2.700000000,3388.770000000,2.700000000,3390.740000000,2.700000000,3388.740000000,45.444556760,3391.100000000,5.900000000,3388.660000000,45.445631580,3391.160000000,4.248129820,3388.530000000,45.447419880,3391.210000000,73.720176870,3388.430000000,2.700000000
2024-11-12T06:50:45.842061Z,3390.390000000,2.700000000,3389.420000000,0.442553590,3390.540000000,0.434709000,3389.110000000,6.225000000,3390.560000000,0.008780100,3389.100000000,6.300000000,3390.570000000,0.434709000,3389.000000000,0.294800000,3390.580000000,2.700000000,3388.920000000,0.035000000,3390.740000000,2.700000000,3388.770000000,2.700000000,3391.100000000,5.900000000,3388.740000000,45.444556760,3391.160000000,4.248129820,3388.660000000,45.445631580,3391.210000000,73.720176870,3388.530000000,45.447419880,3391.420000000,0.729129680,3388.430000000,2.700000000
2024-11-12T06:50:45.864837Z,3390.380000000,0.008780100,3389.420000000,0.442553590,3390.390000000,2.700000000,3389.110000000,6.225000000,3390.540000000,0.434709000,3389.100000000,6.300000000,3390.570000000,0.434709000,3389.000000000,0.294800000,3390.580000000,2.700000000,3388.920000000,0.035000000,3390.740000000,2.700000000,3388.770000000,2.700000000,3391.100000000,5.900000000,3388.740000000,45.444556760,3391.160000000,4.248129820,3388.660000000,45.445631580,3391.210000000,73.720176870,3388.530000000,45.447419880,3391.420000000,0.729129680,3388.430000000,2.700000000
2024-11-12T06:50:45.887278Z,3390.380000000,0.008780100,3389.420000000,0.442553590,3390.390000000,2.700000000,3389.110000000,6.225000000,3390.540000000,0.434709000,3389.100000000,6.300000000,3390.570000000,0.434709000,3389.000000000,0.294800000,3390.580000000,2.700000000,3388.920000000,0.035000000,3390.740000000,2.700000000,3388.770000000,2.700000000,3391.100000000,5.900000000,3388.740000000,45.444556760,3391.160000000,4.248129820,3388.660000000,45.445631580,3391.210000000,73.720176870,3388.530000000,45.447419880,3391.240000000,0.430370430,3388.430000000,2.700000000
2024-11-12T06:50:45.900128Z,3390.380000000,0.008780100,3389.420000000,0.442553590,3390.390000000,2.700000000,3389.110000000,6.225000000,3390.540000000,0.434709000,3389.100000000,6.300000000,3390.580000000,2.700000000,3389.000000000,0.294800000,3390.740000000,2.700000000,3388.920000000,0.035000000,3391.100000000,5.900000000,3388.770000000,2.700000000,3391.160000000,4.248129820,3388.740000000,45.444556760,3391.210000000,73.720176870,3388.660000000,45.445631580,3391.240000000,0.430370430,3388.530000000,45.447419880,3391.420000000,0.729129680,3388.430000000,2.700000000
2024-11-12T06:50:45.910025Z,3389.830000000,73.750161470,3389.420000000,0.442553590,3390.380000000,0.008780100,3389.110000000,6.225000000,3390.390000000,2.700000000,3389.100000000,6.300000000,3390.540000000,0.434709000,3389.000000000,0.294800000,3390.580000000,2.700000000,3388.920000000,0.035000000,3390.740000000,2.700000000,3388.770000000,2.700000000,3391.100000000,5.900000000,3388.740000000,45.444556760,3391.160000000,4.248129820,3388.660000000,45.445631580,3391.210000000,73.720176870,3388.530000000,45.447419880,3391.240000000,0.430370430,3388.430000000,2.700000000
2024-11-12T06:50:45.910416Z,3389.830000000,73.750161470,3389.420000000,0.442553590,3389.890000000,73.748724360,3389.110000000,6.225000000,3390.380000000,0.008780100,3389.100000000,6.300000000,3390.390000000,2.700000000,3389.000000000,0.294800000,3390.540000000,0.434709000,3388.920000000,0.035000000,3390.580000000,2.700000000,3388.770000000,2.700000000,3390.740000000,2.700000000,3388.740000000,45.444556760,3391.100000000,5.900000000,3388.660000000,45.445631580,3391.160000000,4.248129820,3388.530000000,45.447419880,3391.210000000,73.720176870,3388.430000000,2.700000000
2024-11-12T06:50:45.912853Z,3389.830000000,73.750161470,3389.420000000,0.442553590,3389.890000000,73.748724360,3389.110000000,6.225000000,3390.380000000,0.008780100,3389.000000000,0.294800000,3390.390000000,2.700000000,3388.920000000,0.035000000,3390.540000000,0.434709000,3388.770000000,2.700000000,3390.580000000,2.700000000,3388.740000000,45.444556760,3390.740000000,2.700000000,3388.660000000,45.445631580,3391.100000000,5.900000000,3388.530000000,45.447419880,3391.160000000,4.248129820,3388.430000000,2.700000000,3391.210000000,73.720176870,3388.380000000,45.449439770
2024-11-12T06:50:45.913179Z,3389.830000000,73.750161470,3389.420000000,0.442553590,3389.890000000,73.748724360,3389.110000000,6.225000000,3390.380000000,0.008780100,3389.000000000,0.294800000,3390.390000000,2.700000000,3388.920000000,0.035000000,3390.540000000,0.434709000,3388.770000000,2.700000000,3390.580000000,2.700000000,3388.660000000,45.445631580,3390.740000000,2.700000000,3388.530000000,45.447419880,3391.100000000,5.900000000,3388.430000000,2.700000000,3391.160000000,4.248129820,3388.380000000,45.449439770,3391.210000000,73.720176870,3388.360000000,4.248129820
2024-11-12T06:50:45.914200Z,3389.890000000,73.748724360,3389.420000000,0.442553590,3390.380000000,0.008780100,3389.110000000,6.225000000,3390.390000000,2.700000000,3389.000000000,0.294800000,3390.540000000,0.434709000,3388.920000000,0.035000000,3390.580000000,2.700000000,3388.770000000,2.700000000,3390.740000000,2.700000000,3388.660000000,45.445631580,3391.100000000,5.900000000,3388.530000000,45.447419880,3391.160000000,4.248129820,3388.430000000,2.700000000,3391.210000000,73.720176870,3388.380000000,45.449439770,3391.240000000,0.430370430,3388.360000000,4.248129820
2024-11-12T06:50:45.914293Z,3390.380000000,0.008780100,3389.420000000,0.442553590,3390.390000000,2.700000000,3389.110000000,6.225000000,3390.540000000,0.434709000,3389.000000000,0.294800000,3390.580000000,2.700000000,3388.920000000,0.035000000,3390.740000000,2.700000000,3388.770000000,2.700000000,3391.100000000,5.900000000,3388.660000000,45.445631580,3391.160000000,4.248129820,3388.530000000,45.447419880,3391.210000000,73.720176870,3388.430000000,2.700000000,3391.240000000,0.430370430,3388.380000000,45.449439770,3391.420000000,0.729129680,3388.360000000,4.248129820
2024-11-12T06:50:45.917899Z,3390.380000000,0.443489100,3389.420000000,0.442553590,3390.390000000,2.700000000,3389.110000000,6.225000000,3390.540000000,0.434709000,3389.000000000,0.294800000,3390.580000000,2.700000000,3388.920000000,0.035000000,3390.740000000,2.700000000,3388.770000000,2.700000000,3391.100000000,5.900000000,3388.660000000,45.445631580,3391.160000000,4.248129820,3388.530000000,45.447419880,3391.210000000,73.720176870,3388.430000000,2.700000000,3391.240000000,0.430370430,3388.380000000,45.449439770,3391.420000000,0.729129680,3388.360000000,4.248129820
2024-11-12T06:50:45.918021Z,3390.380000000,0.443489100,3389.420000000,0.442553590,3390.390000000,2.700000000,3389.110000000,6.225000000,3390.540000000,0.434709000,3389.000000000,0.294800000,3390.580000000,2.700000000,3388.920000000,0.035000000,3390.740000000,2.700000000,3388.770000000,2.700000000,3391.100000000,5.900000000,3388.750000000,45.444391850,3391.160000000,4.248129820,3388.660000000,45.445631580,3391.210000000,73.720176870,3388.530000000,45.447419880,3391.240000000,0.430370430,3388.430000000,2.700000000,3391.420000000,0.729129680,3388.380000000,45.449439770
2024-11-12T06:50:45.924824Z,3390.380000000,0.443489100,3389.420000000,0.442553590,3390.390000000,2.700000000,3389.110000000,6.225000000,3390.540000000,0.434709000,3389.000000000,0.294800000,3390.580000000,2.700000000,3388.920000000,0.035000000,3390.740000000,2.700000000,3388.770000000,2.700000000,3391.100000000,5.900000000,3388.750000000,45.444391850,3391.160000000,4.248129820,3388.530000000,45.447419880,3391.210000000,73.720176870,3388.430000000,2.700000000,3391.240000000,0.430370430,3388.380000000,45.449439770,3391.420000000,0.729129680,3388.360000000,4.248129820
2024-11-12T06:50:45.926370Z,3390.380000000,0.443489100,3389.420000000,0.442553590,3390.390000000,2.700000000,3389.110000000,6.225000000,3390.540000000,0.434709000,3389.000000000,0.294800000,3390.580000000,2.700000000,3388.920000000,0.035000000,3390.740000000,2.700000000,3388.770000000,2.700000000,3391.100000000,5.900000000,3388.530000000,45.447419880,3391.160000000,4.248129820,3388.430000000,2.700000000,3391.210000000,73.720176870,3388.380000000,45.449439770,3391.240000000,0.430370430,3388.360000000,4.248129820,3391.420000000,0.729129680,3388.340000000,1.000000000
2024-11-12T06:50:45.961329Z,3390.380000000,0.443489100,3389.420000000,0.442553590,3390.390000000,2.700000000,3389.110000000,6.225000000,3390.540000000,0.434709000,3389.000000000,0.294800000,3390.580000000,2.700000000,3388.920000000,0.035000000,3390.740000000,2.700000000,3388.780000000,6.225000000,3391.100000000,5.900000000,3388.770000000,2.700000000,3391.160000000,4.248129820,3388.530000000,45.447419880,3391.210000000,73.720176870,3388.430000000,2.700000000,3391.240000000,0.430370430,3388.380000000,45.449439770,3391.420000000,0.729129680,3388.360000000,4.248129820
2024-11-12T06:50:45.961395Z,3390.380000000,0.443489100,3389.420000000,0.442553590,3390.390000000,2.700000000,3389.000000000,0.294800000,3390.540000000,0.434709000,3388.920000000,0.035000000,3390.580000000,2.700000000,3388.780000000,6.225000000,3390.740000000,2.700000000,3388.770000000,2.700000000,3391.100000000,5.900000000,3388.530000000,45.447419880,3391.160000000,4.248129820,3388.430000000,2.700000000,3391.210000000,73.720176870,3388.380000000,45.449439770,3391.240000000,0.430370430,3388.360000000,4.248129820,3391.420000000,0.729129680,3388.340000000,1.000000000
2024-11-12T06:50:45.996781Z,3389.930000000,73.747961050,3389.420000000,0.442553590,3390.380000000,0.443489100,3389.000000000,0.294800000,3390.390000000,2.700000000,3388.920000000,0.035000000,3390.540000000,0.434709000,3388.780000000,6.225000000,3390.580000000,2.700000000,3388.770000000,2.700000000,3390.740000000,2.700000000,3388.530000000,45.447419880,3391.100000000,5.900000000,3388.430000000,2.700000000,3391.160000000,4.248129820,3388.380000000,45.449439770,3391.210000000,73.720176870,3388.360000000,4.248129820,3391.240000000,0.430370430,3388.340000000,1.000000000
2024-11-12T06:50:45.996910Z,3389.930000000,73.747961050,3389.420000000,0.442553590,3390.380000000,0.443489100,3389.000000000,0.294800000,3390.390000000,2.700000000,3388.920000000,0.035000000,3390.540000000,0.434709000,3388.870000000,45.442855520,3390.580000000,2.700000000,3388.780000000,6.225000000,3390.740000000,2.700000000,3388.770000000,2.700000000,3391.100000000,5.900000000,3388.530000000,45.447419880,3391.160000000,4.248129820,3388.430000000,2.700000000,3391.210000000,73.720176870,3388.380000000,45.449439770,3391.240000000,0.430370430,3388.360000000,4.248129820
2024-11-12T06:50:45.997030Z,3389.930000000,73.747961050,3389.420000000,0.442553590,3390.160000000,73.742948370,3389.000000000,0.294800000,3390.380000000,0.443489100,3388.920000000,0.035000000,3390.390000000,2.700000000,3388.870000000,45.442855520,3390.540000000,0.434709000,3388.780000000,6.225000000,3390.580000000,2.700000000,3388.770000000,2.700000000,3390.740000000,2.700000000,3388.530000000,45.447419880,3391.100000000,5.900000000,3388.430000000,2.700000000,3391.160000000,4.248129820,3388.380000000,45.449439770,3391.210000000,73.720176870,3388.360000000,4.248129820
2024-11-12T06:50:45.999883Z,3389.930000000,73.747961050,3389.420000000,0.442553590,3390.160000000,73.742948370,3389.000000000,0.294800000,3390.380000000,0.008780100,3388.920000000,0.035000000,3390.390000000,2.700000000,3388.870000000,45.442855520,3390.540000000,0.434709000,3388.780000000,6.225000000,3390.580000000,2.700000000,3388.770000000,2.700000000,3390.740000000,2.700000000,3388.530000000,45.447419880,3391.100000000,5.900000000,3388.430000000,2.700000000,3391.160000000,4.248129820,3388.380000000,45.449439770,3391.210000000,73.720176870,3388.360000000,4.248129820
2024-11-12T06:50:46.000227Z,3390.160000000,73.742948370,3389.420000000,0.442553590,3390.380000000,0.008780100,3389.000000000,0.294800000,3390.390000000,2.700000000,3388.920000000,0.035000000,3390.540000000,0.434709000,3388.870000000,45.442855520,3390.580000000,2.700000000,3388.780000000,6.225000000,3390.740000000,2.700000000,3388.770000000,2.700000000,3391.100000000,5.900000000,3388.530000000,45.447419880,3391.160000000,4.248129820,3388.430000000,2.700000000,3391.210000000,73.720176870,3388.380000000,45.449439770,3391.240000000,0.430370430,3388.360000000,4.248129820
2024-11-12T06:50:46.000585Z,3390.380000000,0.008780100,3389.420000000,0.442553590,3390.390000000,2.700000000,3389.000000000,0.294800000,3390.540000000,0.434709000,3388.920000000,0.035000000,3390.580000000,2.700000000,3388.870000000,45.442855520,3390.740000000,2.700000000,3388.780000000,6.225000000,3391.100000000,5.900000000,3388.770000000,2.700000000,3391.160000000,4.248129820,3388.530000000,45.447419880,3391.210000000,73.720176870,3388.430000000,2.700000000,3391.240000000,0.430370430,3388.380000000,45.449439770,3391.420000000,0.729129680,3388.360000000,4.248129820
2024-11-12T06:50:46.003863Z,3390.380000000,0.443489100,3389.420000000,0.442553590,3390.390000000,2.700000000,3389.000000000,0.294800000,3390.540000000,0.434709000,3388.920000000,0.035000000,3390.580000000,2.700000000,3388.870000000,45.442855520,3390.740000000,2.700000000,3388.780000000,6.225000000,3391.100000000,5.900000000,3388.770000000,2.700000000,3391.160000000,4.248129820,3388.530000000,45.447419880,3391.210000000,73.720176870,3388.430000000,2.700000000,3391.240000000,0.430370430,3388.380000000,45.449439770,3391.420000000,0.729129680,3388.360000000,4.248129820
2024-11-12T06:50:46.021386Z,3390.380000000,0.443489100,3389.420000000,0.442553590,3390.390000000,2.700000000,3389.000000000,0.294800000,3390.580000000,2.700000000,3388.920000000,0.035000000,3390.740000000,2.700000000,3388.870000000,45.442855520,3391.100000000,5.900000000,3388.780000000,6.225000000,3391.160000000,4.248129820,3388.770000000,2.700000000,3391.210000000,73.720176870,3388.530000000,45.447419880,3391.240000000,0.430370430,3388.430000000,2.700000000,3391.420000000,0.729129680,3388.380000000,45.449439770,3391.700000000,73.709392750,3388.360000000,4.248129820
2024-11-12T06:50:46.023792Z,3390.380000000,0.443489100,3389.420000000,0.442553590,3390.390000000,2.700000000,3389.000000000,0.294800000,3390.740000000,2.700000000,3388.920000000,0.035000000,3391.100000000,5.900000000,3388.870000000,45.442855520,3391.160000000,4.248129820,3388.780000000,6.225000000,3391.210000000,73.720176870,3388.770000000,2.700000000,3391.240000000,0.430370430,3388.530000000,45.447419880,3391.420000000,0.729129680,3388.430000000,2.700000000,3391.700000000,73.709392750,3388.380000000,45.449439770,3391.720000000,2.700000000,3388.360000000,4.248129820
2024-11-12T06:50:46.065487Z,3390.380000000,0.443489100,3389.420000000,0.442553590,3390.390000000,2.700000000,3389.000000000,0.294800000,3390.740000000,2.700000000,3388.920000000,0.035000000,3391.100000000,5.900000000,3388.780000000,6.225000000,3391.160000000,4.248129820,3388.770000000,2.700000000,3391.210000000,73.720176870,3388.530000000,45.447419880,3391.240000000,0.430370430,3388.430000000,2.700000000,3391.420000000,0.729129680,3388.380000000,45.449439770,3391.700000000,73.709392750,3388.360000000,4.248129820,3391.720000000,2.700000000,3388.340000000,1.000000000
2024-11-12T06:50:46.069329Z,3390.370000000,1.000000000,3389.420000000,0.442553590,3390.380000000,0.443489100,3389.000000000,0.294800000,3390.390000000,2.700000000,3388.920000000,0.035000000,3390.740000000,2.700000000,3388.780000000,6.225000000,3391.100000000,5.900000000,3388.770000000,2.700000000,3391.160000000,4.248129820,3388.530000000,45.447419880,3391.210000000,73.720176870,3388.430000000,2.700000000,3391.240000000,0.430370430,3388.380000000,45.449439770,3391.420000000,0.729129680,3388.360000000,4.248129820,3391.700000000,73.709392750,3388.340000000,1.000000000
2024-11-12T06:50:46.069420Z,3389.880000000,73.749053570,3389.420000000,0.442553590,3390.370000000,1.000000000,3389.000000000,0.294800000,3390.380000000,0.443489100,3388.920000000,0.035000000,3390.390000000,2.700000000,3388.780000000,6.225000000,3390.740000000,2.700000000,3388.770000000,2.700000000,3391.100000000,5.900000000,3388.530000000,45.447419880,3391.160000000,4.248129820,3388.430000000,2.700000000,3391.210000000,73.720176870,3388.380000000,45.449439770,3391.240000000,0.430370430,3388.360000000,4.248129820,3391.420000000,0.729129680,3388.340000000,1.000000000
2024-11-12T06:50:46.069470Z,3389.880000000,73.749053570,3389.420000000,0.442553590,3390.370000000,1.000000000,3389.000000000,0.294800000,3390.380000000,0.443489100,3388.920000000,0.035000000,3390.390000000,2.700000000,3388.780000000,6.225000000,3390.740000000,2.700000000,3388.770000000,2.700000000,3391.100000000,5.900000000,3388.720000000,45.444822860,3391.160000000,4.248129820,3388.530000000,45.447419880,3391.210000000,73.720176870,3388.430000000,2.700000000,3391.240000000,0.430370430,3388.380000000,45.449439770,3391.420000000,0.729129680,3388.360000000,4.248129820
2024-11-12T06:50:46.069550Z,3389.880000000,73.749053570,3389.420000000,0.442553590,3390.370000000,1.000000000,3389.000000000,0.294800000,3390.380000000,0.443489100,3388.920000000,0.035000000,3390.390000000,2.700000000,3388.790000000,45.443879130,3390.740000000,2.700000000,3388.780000000,6.225000000,3391.100000000,5.900000000,3388.770000000,2.700000000,3391.160000000,4.248129820,3388.720000000,45.444822860,3391.210000000,73.720176870,3388.530000000,45.447419880,3391.240000000,0.430370430,3388.430000000,2.700000000,3391.420000000,0.729129680,3388.380000000,45.449439770
2024-11-12T06:50:46.072931Z,3389.880000000,73.749053570,3389.420000000,0.442553590,3390.360000000,0.434709000,3389.000000000,0.294800000,3390.370000000,1.000000000,3388.920000000,0.035000000,3390.380000000,0.443489100,3388.790000000,45.443879130,3390.390000000,2.700000000,3388.780000000,6.225000000,3390.740000000,2.700000000,3388.770000000,2.700000000,3391.100000000,5.900000000,3388.720000000,45.444822860,3391.160000000,4.248129820,3388.530000000,45.447419880,3391.210000000,73.720176870,3388.430000000,2.700000000,3391.240000000,0.430370430,3388.380000000,45.449439770
2024-11-12T06:50:46.073630Z,3389.880000000,73.749053570,3389.420000000,0.442553590,3389.950000000,73.747616490,3389.000000000,0.294800000,3390.360000000,0.434709000,3388.920000000,0.035000000,3390.370000000,1.000000000,3388.790000000,45.443879130,3390.380000000,0.443489100,3388.780000000,6.225000000,3390.390000000,2.700000000,3388.770000000,2.700000000,3390.740000000,2.700000000,3388.720000000,45.444822860,3391.100000000,5.900000000,3388.530000000,45.447419880,3391.160000000,4.248129820,3388.430000000,2.700000000,3391.210000000,73.720176870,3388.380000000,45.449439770
2024-11-12T06:50:46.076463Z,3389.880000000,73.749053570,3389.420000000,0.442553590,3389.950000000,73.747616490,3389.000000000,0.294800000,3390.370000000,1.000000000,3388.920000000,0.035000000,3390.380000000,0.443489100,3388.790000000,45.443879130,3390.390000000,2.700000000,3388.780000000,6.225000000,3390.740000000,2.700000000,3388.770000000,2.700000000,3391.100000000,5.900000000,3388.720000000,45.444822860,3391.160000000,4.248129820,3388.530000000,45.447419880,3391.210000000,73.720176870,3388.430000000,2.700000000,3391.240000000,0.430370430,3388.380000000,45.449439770
2024-11-12T06:50:46.089313Z,3389.950000000,73.747616490,3389.420000000,0.442553590,3390.370000000,1.000000000,3389.000000000,0.294800000,3390.380000000,0.443489100,3388.920000000,0.035000000,3390.390000000,2.700000000,3388.790000000,45.443879130,3390.740000000,2.700000000,3388.780000000,6.225000000,3391.100000000,5.900000000,3388.770000000,2.700000000,3391.160000000,4.248129820,3388.720000000,45.444822860,3391.210000000,73.720176870,3388.530000000,45.447419880,3391.240000000,0.430370430,3388.430000000,2.700000000,3391.420000000,0.729129680,3388.380000000,45.449439770
2024-11-12T06:50:46.092350Z,3390.370000000,1.000000000,3389.420000000,0.442553590,3390.380000000,0.443489100,3389.000000000,0.294800000,3390.390000000,2.700000000,3388.920000000,0.035000000,3390.740000000,2.700000000,3388.790000000,45.443879130,3391.100000000,5.900000000,3388.780000000,6.225000000,3391.160000000,4.248129820,3388.770000000,2.700000000,3391.210000000,73.720176870,3388.720000000,45.444822860,3391.240000000,0.430370430,3388.530000000,45.447419880,3391.420000000,0.729129680,3388.430000000,2.700000000,3391.700000000,73.709392750,3388.380000000,45.449439770
2024-11-12T06:50:46.094912Z,3390.210000000,2.700000000,3389.420000000,0.442553590,3390.370000000,1.000000000,3389.000000000,0.294800000,3390.380000000,0.443489100,3388.920000000,0.035000000,3390.390000000,2.700000000,3388.790000000,45.443879130,3390.740000000,2.700000000,3388.780000000,6.225000000,3391.100000000,5.900000000,3388.770000000,2.700000000,3391.160000000,4.248129820,3388.720000000,45.444822860,3391.210000000,73.720176870,3388.530000000,45.447419880,3391.240000000,0.430370430,3388.430000000,2.700000000,3391.420000000,0.729129680,3388.380000000,45.449439770
2024-11-12T06:50:46.095817Z,3390.210000000,2.700000000,3389.420000000,0.442553590,3390.360000000,0.434709000,3389.000000000,0.294800000,3390.370000000,1.000000000,3388.920000000,0.035000000,3390.380000000,0.443489100,3388.790000000,45.443879130,3390.390000000,2.700000000,3388.780000000,6.225000000,3390.740000000,2.700000000,3388.770000000,2.700000000,3391.100000000,5.900000000,3388.720000000,45.444822860,3391.160000000,4.248129820,3388.530000000,45.447419880,3391.210000000,73.720176870,3388.430000000,2.700000000,3391.240000000,0.430370430,3388.380000000,45.449439770
2024-11-12T06:50:46.099408Z,3390.210000000,2.700000000,3389.420000000,0.442553590,3390.360000000,0.434709000,3389.000000000,0.294800000,3390.380000000,0.443489100,3388.920000000,0.035000000,3390.390000000,2.700000000,3388.790000000,45.443879130,3390.740000000,2.700000000,3388.780000000,6.225000000,3391.100000000,5.900000000,3388.770000000,2.700000000,3391.160000000,4.248129820,3388.720000000,45.444822860,3391.210000000,73.720176870,3388.530000000,45.447419880,3391.240000000,0.430370430,3388.430000000,2.700000000,3391.420000000,0.729129680,3388.380000000,45.449439770
2024-11-12T06:50:46.100445Z,3390.210000000,2.700000000,3389.420000000,0.442553590,3390.360000000,0.434709000,3389.000000000,0.294800000,3390.380000000,0.443489100,3388.920000000,0.035000000,3390.390000000,2.700000000,3388.800000000,6.225000000,3390.740000000,2.700000000,3388.790000000,45.443879130,3391.100000000,5.900000000,3388.780000000,6.225000000,3391.160000000,4.248129820,3388.770000000,2.700000000,3391.210000000,73.720176870,3388.720000000,45.444822860,3391.240000000,0.430370430,3388.530000000,45.447419880,3391.420000000,0.729129680,3388.430000000,2.700000000
2024-11-12T06:50:46.101981Z,3390.210000000,2.700000000,3389.420000000,0.442553590,3390.360000000,0.434709000,3389.100000000,6.300000000,3390.380000000,0.443489100,3389.000000000,0.294800000,3390.390000000,2.700000000,3388.920000000,0.035000000,3390.740000000,2.700000000,3388.800000000,6.225000000,3391.100000000,5.900000000,3388.790000000,45.443879130,3391.160000000,4.248129820,3388.780000000,6.225000000,3391.210000000,73.720176870,3388.770000000,2.700000000,3391.240000000,0.430370430,3388.720000000,45.444822860,3391.420000000,0.729129680,3388.530000000,45.447419880
2024-11-12T06:50:46.110474Z,3390.210000000,2.700000000,3389.420000000,0.442553590,3390.360000000,0.434709000,3389.100000000,6.300000000,3390.380000000,0.443489100,3389.000000000,0.294800000,3390.390000000,2.700000000,3388.920000000,0.035000000,3390.740000000,2.700000000,3388.800000000,6.225000000,3391.100000000,5.900000000,3388.790000000,45.443879130,3391.160000000,4.248129820,3388.780000000,6.225000000,3391.210000000,73.720176870,3388.720000000,45.444822860,3391.240000000,0.430370430,3388.530000000,45.447419880,3391.420000000,0.729129680,3388.430000000,2.700000000
2024-11-12T06:50:46.110489Z,3390.210000000,5.400000000,3389.420000000,0.442553590,3390.360000000,0.434709000,3389.100000000,6.300000000,3390.380000000,0.443489100,3389.000000000,0.294800000,3390.390000000,2.700000000,3388.920000000,0.035000000,3390.740000000,2.700000000,3388.800000000,6.225000000,3391.100000000,5.900000000,3388.790000000,45.443879130,3391.160000000,4.248129820,3388.780000000,6.225000000,3391.210000000,73.720176870,3388.720000000,45.444822860,3391.240000000,0.430370430,3388.530000000,45.447419880,3391.420000000,0.729129680,3388.430000000,2.700000000
2024-11-12T06:50:46.112367Z,3390.210000000,5.400000000,3389.420000000,0.442553590,3390.360000000,0.434709000,3389.100000000,6.300000000,3390.380000000,0.443489100,3389.000000000,0.294800000,3390.390000000,2.700000000,3388.920000000,0.035000000,3390.740000000,2.700000000,3388.800000000,6.225000000,3391.100000000,5.900000000,3388.790000000,45.443879130,3391.160000000,4.248129820,3388.780000000,6.225000000,3391.210000000,73.720176870,3388.720000000,45.444822860,3391.240000000,0.430370430,3388.530000000,45.447419880,3391.420000000,0.729129680,3388.380000000,45.449439770
2024-11-12T06:50:46.115559Z,3390.210000000,5.400000000,3389.420000000,0.442553590,3390.360000000,0.434709000,3389.100000000,6.300000000,3390.380000000,0.443489100,3389.000000000,0.294800000,3390.390000000,2.700000000,3388.920000000,0.035000000,3390.740000000,2.700000000,3388.800000000,6.225000000,3391.100000000,5.900000000,3388.780000000,6.225000000,3391.160000000,4.248129820,3388.720000000,45.444822860,3391.210000000,73.720176870,3388.530000000,45.447419880,3391.240000000,0.430370430,3388.380000000,45.449439770,3391.420000000,0.729129680,3388.340000000,1.000000000
2024-11-12T06:50:46.115970Z,3390.210000000,5.400000000,3389.420000000,0.442553590,3390.360000000,0.434709000,3389.100000000,6.300000000,3390.380000000,0.443489100,3389.000000000,0.294800000,3390.390000000,2.700000000,3388.920000000,0.035000000,3390.730000000,5.900000000,3388.800000000,6.225000000,3390.740000000,2.700000000,3388.780000000,6.225000000,3391.160000000,4.248129820,3388.720000000,45.444822860,3391.210000000,73.720176870,3388.530000000,45.447419880,3391.240000000,0.430370430,3388.380000000,45.449439770,3391.420000000,0.729129680,3388.340000000,1.000000000
2024-11-12T06:50:46.116900Z,3390.210000000,5.400000000,3389.420000000,0.442553590,3390.360000000,0.434709000,3389.100000000,6.300000000,3390.380000000,0.443489100,3389.000000000,0.294800000,3390.390000000,2.700000000,3388.920000000,0.035000000,3390.730000000,5.900000000,3388.780000000,6.225000000,3390.740000000,2.700000000,3388.720000000,45.444822860,3391.160000000,4.248129820,3388.530000000,45.447419880,3391.210000000,73.720176870,3388.380000000,45.449439770,3391.240000000,0.430370430,3388.340000000,1.000000000,3391.420000000,0.729129680,3388.330000000,1.180828090
2024-11-12T06:50:46.116982Z,3390.210000000,5.400000000,3389.420000000,0.442553590,3390.360000000,0.434709000,3389.100000000,6.300000000,3390.380000000,0.443489100,3389.000000000,0.294800000,3390.390000000,2.700000000,3388.920000000,0.035000000,3390.730000000,5.900000000,3388.720000000,45.444822860,3390.740000000,2.700000000,3388.530000000,45.447419880,3391.160000000,4.248129820,3388.380000000,45.449439770,3391.210000000,73.720176870,3388.340000000,1.000000000,3391.240000000,0.430370430,3388.330000000,1.180828090,3391.420000000,0.729129680,3387.730000000,4.000000000
2024-11-12T06:50:46.117049Z,3390.210000000,5.400000000,3389.420000000,0.442553590,3390.360000000,0.434709000,3389.100000000,6.300000000,3390.380000000,0.443489100,3389.000000000,0.294800000,3390.390000000,2.700000000,3388.920000000,0.035000000,3390.730000000,5.900000000,3388.530000000,45.447419880,3390.740000000,2.700000000,3388.380000000,45.449439770,3391.160000000,4.248129820,3388.340000000,1.000000000,3391.210000000,73.720176870,3388.330000000,1.180828090,3391.240000000,0.430370430,3387.730000000,4.000000000,3391.420000000,0.729129680,3387.720000000,2.700000000
2024-11-12T06:50:46.117221Z,3390.210000000,5.400000000,3389.420000000,0.442553590,3390.360000000,0.434709000,3389.100000000,6.300000000,3390.380000000,0.443489100,3389.000000000,0.294800000,3390.390000000,2.700000000,3388.920000000,0.035000000,3390.730000000,5.900000000,3388.380000000,45.449439770,3390.740000000,2.700000000,3388.340000000,1.000000000,3391.160000000,4.248129820,3388.330000000,1.180828090,3391.210000000,73.720176870,3387.730000000,4.000000000,3391.240000000,0.430370430,3387.720000000,2.700000000,3391.420000000,0.729129680,3387.560000000,45.460378000
2024-11-12T06:50:46.118414Z,3390.210000000,5.400000000,3389.420000000,0.442553590,3390.360000000,0.434709000,3389.100000000,6.300000000,3390.380000000,0.443489100,3389.000000000,0.294800000,3390.390000000,2.700000000,3388.920000000,0.035000000,3390.730000000,5.900000000,3388.380000000,45.449439770,3390.740000000,2.700000000,3388.330000000,1.180828090,3391.160000000,4.248129820,3387.730000000,4.000000000,3391.210000000,73.720176870,3387.720000000,2.700000000,3391.240000000,0.430370430,3387.560000000,45.460378000,3391.420000000,0.729129680,3387.540000000,0.099932330
2024-11-12T06:50:46.121113Z,3390.210000000,5.400000000,3389.420000000,0.442553590,3390.360000000,0.434709000,3389.100000000,6.300000000,3390.380000000,0.443489100,3389.000000000,0.294800000,3390.390000000,2.700000000,3388.920000000,0.035000000,3390.730000000,5.900000000,3388.380000000,45.449439770,3390.740000000,2.700000000,3388.330000000,1.180828090,3391.160000000,4.248129820,3387.730000000,4.000000000,3391.210000000,73.720176870,3387.720000000,2.700000000,3391.240000000,0.430370430,3387.540000000,0.099932330,3391.420000000,0.729129680,3387.380000000,2.700000000
2024-11-12T06:50:46.121255Z,3390.210000000,5.400000000,3389.420000000,0.442553590,3390.360000000,0.434709000,3389.100000000,6.300000000,3390.380000000,0.443489100,3389.000000000,0.294800000,3390.390000000,2.700000000,3388.920000000,0.035000000,3390.730000000,5.900000000,3388.380000000,45.449439770,3390.740000000,2.700000000,3388.330000000,1.180828090,3391.160000000,4.248129820,3387.730000000,4.000000000,3391.240000000,0.430370430,3387.720000000,2.700000000,3391.420000000,0.729129680,3387.540000000,0.099932330,3391.700000000,73.709392750,3387.380000000,2.700000000
2024-11-12T06:50:46.121373Z,3390.210000000,5.400000000,3389.420000000,0.442553590,3390.360000000,0.434709000,3389.100000000,6.300000000,3390.380000000,0.443489100,3389.000000000,0.294800000,3390.390000000,2.700000000,3388.920000000,0.035000000,3390.730000000,5.900000000,3388.330000000,1.180828090,3390.740000000,2.700000000,3387.730000000,4.000000000,3391.160000000,4.248129820,3387.720000000,2.700000000,3391.240000000,0.430370430,3387.540000000,0.099932330,3391.420000000,0.729129680,3387.380000000,2.700000000,3391.700000000,73.709392750,3387.310000000,0.150058690
2024-11-12T06:50:46.136442Z,3390.210000000,5.400000000,3389.420000000,0.442553590,3390.360000000,0.434709000,3389.000000000,0.294800000,3390.380000000,0.443489100,3388.920000000,0.035000000,3390.390000000,2.700000000,3388.330000000,1.180828090,3390.730000000,5.900000000,3387.730000000,4.000000000,3390.740000000,2.700000000,3387.720000000,2.700000000,3391.160000000,4.248129820,3387.540000000,0.099932330,3391.240000000,0.430370430,3387.380000000,2.700000000,3391.420000000,0.729129680,3387.310000000,0.150058690,3391.700000000,73.709392750,3386.970000000,0.841000000
2024-11-12T06:50:46.138955Z,3389.430000000,14.754940350,3389.420000000,0.442553590,3390.210000000,5.400000000,3389.000000000,0.294800000,3390.360000000,0.434709000,3388.920000000,0.035000000,3390.380000000,0.443489100,3388.330000000,1.180828090,3390.390000000,2.700000000,3387.730000000,4.000000000,3390.730000000,5.900000000,3387.720000000,2.700000000,3390.740000000,2.700000000,3387.540000000,0.099932330,3391.160000000,4.248129820,3387.380000000,2.700000000,3391.240000000,0.430370430,3387.310000000,0.150058690,3391.420000000,0.729129680,3386.970000000,0.841000000
2024-11-12T06:50:46.139977Z,3389.430000000,14.754940350,3389.420000000,0.442553590,3390.210000000,2.700000000,3389.000000000,0.294800000,3390.360000000,0.434709000,3388.920000000,0.035000000,3390.380000000,0.443489100,3388.330000000,1.180828090,3390.390000000,2.700000000,3387.730000000,4.000000000,3390.730000000,5.900000000,3387.720000000,2.700000000,3390.740000000,2.700000000,3387.540000000,0.099932330,3391.160000000,4.248129820,3387.380000000,2.700000000,3391.240000000,0.430370430,3387.310000000,0.150058690,3391.420000000,0.729129680,3386.970000000,0.841000000
2024-11-12T06:50:46.140424Z,3389.430000000,14.754940350,3389.420000000,0.442553590,3390.210000000,2.700000000,3389.000000000,0.294800000,3390.360000000,0.434709000,3388.920000000,0.035000000,3390.380000000,0.443489100,3388.330000000,1.180828090,3390.390000000,2.700000000,3387.730000000,4.000000000,3390.730000000,5.900000000,3387.720000000,2.700000000,3390.740000000,2.700000000,3387.380000000,2.700000000,3391.160000000,4.248129820,3387.310000000,0.150058690,3391.240000000,0.430370430,3386.970000000,0.841000000,3391.420000000,0.729129680,3386.950000000,2.700000000
2024-11-12T06:50:46.141347Z,3389.430000000,14.754940350,3389.420000000,0.442553590,3390.210000000,2.700000000,3389.000000000,0.294800000,3390.360000000,0.434709000,3388.920000000,0.035000000,3390.380000000,0.443489100,3388.330000000,1.180828090,3390.390000000,2.700000000,3387.730000000,4.000000000,3390.690000000,0.729129680,3387.720000000,2.700000000,3390.730000000,5.900000000,3387.380000000,2.700000000,3390.740000000,2.700000000,3387.310000000,0.150058690,3391.160000000,4.248129820,3386.970000000,0.841000000,3391.240000000,0.430370430,3386.950000000,2.700000000
2024-11-12T06:50:46.141725Z,3389.430000000,14.754940350,3389.420000000,0.442553590,3389.550000000,0.602181480,3389.000000000,0.294800000,3390.210000000,2.700000000,3388.920000000,0.035000000,3390.360000000,0.434709000,3388.330000000,1.180828090,3390.380000000,0.443489100,3387.730000000,4.000000000,3390.390000000,2.700000000,3387.720000000,2.700000000,3390.690000000,0.729129680,3387.380000000,2.700000000,3390.730000000,5.900000000,3387.310000000,0.150058690,3390.740000000,2.700000000,3386.970000000,0.841000000,3391.160000000,4.248129820,3386.950000000,2.700000000
2024-11-12T06:50:46.141818Z,3389.430000000,14.754940350,3389.420000000,0.442553590,3389.550000000,0.602181480,3389.000000000,0.294800000,3390.210000000,2.700000000,3388.920000000,0.035000000,3390.360000000,0.434709000,3388.330000000,1.180828090,3390.380000000,0.443489100,3387.730000000,4.000000000,3390.390000000,2.700000000,3387.720000000,2.700000000,3390.690000000,0.729129680,3387.380000000,2.700000000,3390.730000000,5.900000000,3387.310000000,0.150058690,3390.740000000,2.700000000,3386.970000000,0.841000000,3391.110000000,0.150781330,3386.950000000,2.700000000
2024-11-12T06:50:46.155574Z,3389.430000000,14.754940350,3389.420000000,0.442553590,3389.550000000,0.602181480,3389.000000000,0.294800000,3390.210000000,2.700000000,3388.920000000,0.035000000,3390.360000000,0.434709000,3388.330000000,1.180828090,3390.380000000,0.443489100,3387.730000000,4.000000000,3390.390000000,2.700000000,3387.720000000,2.700000000,3390.690000000,0.729129680,3387.380000000,2.700000000,3390.730000000,5.900000000,3386.970000000,0.841000000,3390.740000000,2.700000000,3386.950000000,2.700000000,3391.110000000,0.150781330,3386.640000000,1.323797750
2024-11-12T06:50:46.176009Z,3389.430000000,14.754940350,3389.420000000,0.442553590,3389.550000000,0.602181480,3389.000000000,0.294800000,3390.210000000,2.700000000,3388.920000000,0.035000000,3390.360000000,0.434709000,3388.330000000,1.180828090,3390.380000000,0.008780100,3387.730000000,4.000000000,3390.390000000,2.700000000,3387.720000000,2.700000000,3390.690000000,0.729129680,3387.380000000,2.700000000,3390.730000000,5.900000000,3386.970000000,0.841000000,3390.740000000,2.700000000,3386.950000000,2.700000000,3391.110000000,0.150781330,3386.640000000,1.323797750
2024-11-12T06:50:46.184694Z,3389.430000000,14.754940350,3389.420000000,0.442553590,3389.550000000,0.602181480,3389.000000000,0.294800000,3390.210000000,2.700000000,3388.920000000,0.035000000,3390.360000000,0.434709000,3388.330000000,1.180828090,3390.380000000,0.008780100,3387.730000000,4.000000000,3390.390000000,2.700000000,3387.720000000,2.700000000,3390.690000000,0.729129680,3387.380000000,2.700000000,3390.730000000,10.148129820,3386.970000000,0.841000000,3390.740000000,2.700000000,3386.950000000,2.700000000,3391.110000000,0.150781330,3386.640000000,1.323797750
2024-11-12T06:50:46.186621Z,3389.430000000,14.754940350,3389.420000000,0.442553590,3389.550000000,0.602181480,3389.000000000,0.294800000,3390.210000000,2.700000000,3388.920000000,0.035000000,3390.360000000,0.434709000,3388.330000000,1.180828090,3390.380000000,0.008780100,3387.730000000,4.000000000,3390.390000000,2.700000000,3387.720000000,2.700000000,3390.690000000,0.729129680,3387.380000000,2.700000000,3390.730000000,14.396259640,3386.970000000,0.841000000,3390.740000000,2.700000000,3386.950000000,2.700000000,3391.110000000,0.150781330,3386.640000000,1.323797750
2024-11-12T06:50:46.187367Z,3389.430000000,14.754940350,3389.420000000,0.442553590,3389.550000000,0.602181480,3389.000000000,0.294800000,3390.210000000,2.700000000,3388.920000000,0.035000000,3390.360000000,0.434709000,3388.330000000,1.180828090,3390.380000000,0.008780100,3387.730000000,4.000000000,3390.390000000,2.700000000,3387.720000000,2.700000000,3390.690000000,0.729129680,3387.380000000,2.700000000,3390.730000000,14.396259640,3386.950000000,2.700000000,3390.740000000,2.700000000,3386.640000000,1.323797750,3391.110000000,0.150781330,3386.610000000,4.425000000
2024-11-12T06:50:46.194760Z,3389.430000000,14.754940350,3389.420000000,0.442553590,3389.550000000,0.602181480,3389.000000000,0.294800000,3390.210000000,2.700000000,3388.920000000,0.035000000,3390.380000000,0.008780100,3388.330000000,1.180828090,3390.390000000,2.700000000,3387.730000000,4.000000000,3390.690000000,0.729129680,3387.720000000,2.700000000,3390.730000000,14.396259640,3387.380000000,2.700000000,3390.740000000,2.700000000,3386.950000000,2.700000000,3391.110000000,0.150781330,3386.640000000,1.323797750,3391.240000000,0.430370430,3386.610000000,4.425000000
2024-11-12T06:50:46.199019Z,3389.430000000,14.754940350,3389.420000000,0.442553590,3389.550000000,0.602181480,3389.000000000,0.294800000,3390.210000000,2.700000000,3388.920000000,0.035000000,3390.380000000,0.008780100,3388.330000000,1.180828090,3390.390000000,2.700000000,3387.730000000,4.000000000,3390.690000000,0.729129680,3387.720000000,2.700000000,3390.730000000,10.148129820,3387.380000000,2.700000000,3390.740000000,2.700000000,3386.950000000,2.700000000,3391.110000000,0.150781330,3386.640000000,1.323797750,3391.240000000,0.430370430,3386.610000000,4.425000000
2024-11-12T06:50:46.203519Z,3389.430000000,14.754940350,3389.420000000,0.442553590,3389.550000000,0.602181480,3389.000000000,0.294800000,3390.210000000,2.700000000,3388.920000000,0.035000000,3390.380000000,0.008780100,3388.370000000,3.400000000,3390.390000000,2.700000000,3388.330000000,1.180828090,3390.690000000,0.729129680,3387.730000000,4.000000000,3390.730000000,10.148129820,3387.720000000,2.700000000,3390.740000000,2.700000000,3387.380000000,2.700000000,3391.110000000,0.150781330,3386.950000000,2.700000000,3391.240000000,0.430370430,3386.640000000,1.323797750
2024-11-12T06:50:46.218293Z,3389.430000000,14.754940350,3389.420000000,0.442553590,3389.550000000,0.602181480,3389.000000000,0.294800000,3390.210000000,2.700000000,3388.920000000,0.035000000,3390.380000000,0.008780100,3388.370000000,3.400000000,3390.390000000,2.700000000,3388.330000000,1.180828090,3390.690000000,0.729129680,3387.730000000,4.000000000,3390.730000000,10.148129820,3387.720000000,2.700000000,3390.740000000,2.700000000,3387.380000000,2.700000000,3391.110000000,0.150781330,3386.950000000,2.700000000,3391.240000000,0.430370430,3386.610000000,4.425000000
