timestamp,ap0,av0,bp0,bv0,ap1,av1,bp1,bv1,ap2,av2,bp2,bv2,ap3,av3,bp3,bv3,ap4,av4,bp4,bv4,ap5,av5,bp5,bv5,ap6,av6,bp6,bv6,ap7,av7,bp7,bv7,ap8,av8,bp8,bv8,ap9,av9,bp9,bv9
2024-11-12T06:50:44.863657Z,220.890000000,0.053108860,220.850000000,45.277746720,220.900000000,54.324145960,220.830000000,45.283702390,220.920000000,135.798936310,220.790000000,0.190180540,220.950000000,7.910000000,220.780000000,77.166448030,220.960000000,226.293260250,220.770000000,154.004583950,220.980000000,114.188000000,220.760000000,8.502365000,220.990000000,189.113003680,220.750000000,32.540000000,221.000000000,347.688063300,220.740000000,103.877329620,221.010000000,452.841739030,220.730000000,117.055794550,221.050000000,3.791485180,220.720000000,12.350000000
2024-11-12T06:50:44.926980Z,220.890000000,0.053108860,220.850000000,45.277746720,220.900000000,9.053870520,220.830000000,45.283702390,220.920000000,135.798936310,220.790000000,0.190180540,220.950000000,7.910000000,220.780000000,77.166448030,220.960000000,226.293260250,220.770000000,154.004583950,220.980000000,114.188000000,220.760000000,8.502365000,220.990000000,189.113003680,220.750000000,32.540000000,221.000000000,347.688063300,220.740000000,103.877329620,221.010000000,452.841739030,220.730000000,117.055794550,221.050000000,3.791485180,220.720000000,12.350000000
2024-11-12T06:50:44.930014Z,220.890000000,0.053108860,220.850000000,45.277746720,220.900000000,9.053870520,220.830000000,45.283702390,220.920000000,181.064830830,220.790000000,0.190180540,220.950000000,7.910000000,220.780000000,77.166448030,220.960000000,226.293260250,220.770000000,154.004583950,220.980000000,114.188000000,220.760000000,8.502365000,220.990000000,189.113003680,220.750000000,32.540000000,221.000000000,347.688063300,220.740000000,103.877329620,221.010000000,452.841739030,220.730000000,117.055794550,221.050000000,3.791485180,220.720000000,12.350000000
2024-11-12T06:50:44.930173Z,220.890000000,0.053108860,220.850000000,45.277746720,220.900000000,9.053870520,220.830000000,45.283702390,220.910000000,45.268608440,220.790000000,0.190180540,220.920000000,181.064830830,220.780000000,77.166448030,220.950000000,7.910000000,220.770000000,154.004583950,220.960000000,226.293260250,220.760000000,8.502365000,220.980000000,114.188000000,220.750000000,32.540000000,220.990000000,189.113003680,220.740000000,103.877329620,221.000000000,347.688063300,220.730000000,117.055794550,221.010000000,452.841739030,220.720000000,12.350000000
2024-11-12T06:50:44.930468Z,220.890000000,0.053108860,220.850000000,45.277746720,220.900000000,9.053870520,220.830000000,45.283702390,220.910000000,45.268608440,220.790000000,0.190180540,220.920000000,181.064830830,220.780000000,77.166448030,220.950000000,7.910000000,220.770000000,154.004583950,220.960000000,226.293260250,220.760000000,8.502365000,220.980000000,114.188000000,220.750000000,32.540000000,220.990000000,8.040135970,220.740000000,103.877329620,221.000000000,347.688063300,220.730000000,117.055794550,221.010000000,452.841739030,220.720000000,12.350000000
2024-11-12T06:50:44.930605Z,220.890000000,0.053108860,220.860000000,45.276611750,220.900000000,9.053870520,220.850000000,45.277746720,220.910000000,45.268608440,220.830000000,45.283702390,220.920000000,181.064830830,220.790000000,0.190180540,220.950000000,7.910000000,220.780000000,77.166448030,220.960000000,226.293260250,220.770000000,154.004583950,220.980000000,114.188000000,220.760000000,8.502365000,220.990000000,8.040135970,220.750000000,32.540000000,221.000000000,347.688063300,220.740000000,103.877329620,221.010000000,452.841739030,220.730000000,117.055794550
2024-11-12T06:50:44.934266Z,220.890000000,0.053108860,220.860000000,45.276611750,220.900000000,9.053870520,220.830000000,45.283702390,220.910000000,45.268608440,220.790000000,0.190180540,220.920000000,181.064830830,220.780000000,77.166448030,220.950000000,7.910000000,220.770000000,154.004583950,220.960000000,226.293260250,220.760000000,8.502365000,220.980000000,114.188000000,220.750000000,32.540000000,220.990000000,8.040135970,220.740000000,103.877329620,221.000000000,347.688063300,220.730000000,117.055794550,221.010000000,452.841739030,220.720000000,12.350000000
2024-11-12T06:50:44.936221Z,220.890000000,0.053108860,220.860000000,45.276611750,220.900000000,9.053870520,220.830000000,45.283702390,220.910000000,45.268608440,220.790000000,0.190180540,220.920000000,135.798936310,220.780000000,77.166448030,220.950000000,7.910000000,220.770000000,154.004583950,220.960000000,226.293260250,220.760000000,8.502365000,220.980000000,114.188000000,220.750000000,32.540000000,220.990000000,8.040135970,220.740000000,103.877329620,221.000000000,347.688063300,220.730000000,117.055794550,221.010000000,452.841739030,220.720000000,12.350000000
2024-11-12T06:50:44.939103Z,220.890000000,0.053108860,220.860000000,45.276611750,220.900000000,9.053870520,220.850000000,45.279195470,220.910000000,45.268608440,220.830000000,45.283702390,220.920000000,135.798936310,220.790000000,0.190180540,220.950000000,7.910000000,220.780000000,77.166448030,220.960000000,226.293260250,220.770000000,154.004583950,220.980000000,114.188000000,220.760000000,8.502365000,220.990000000,8.040135970,220.750000000,32.540000000,221.000000000,347.688063300,220.740000000,103.877329620,221.010000000,452.841739030,220.730000000,117.055794550
2024-11-12T06:50:45.000014Z,220.890000000,0.053108860,220.860000000,45.276611750,220.900000000,9.053870520,220.850000000,45.279195470,220.910000000,45.268608440,220.830000000,45.283702390,220.920000000,135.798936310,220.790000000,0.190180540,220.950000000,7.910000000,220.780000000,77.166448030,220.960000000,228.548651580,220.770000000,154.004583950,220.980000000,114.188000000,220.760000000,8.502365000,220.990000000,8.040135970,220.750000000,32.540000000,221.000000000,347.688063300,220.740000000,103.877329620,221.010000000,452.841739030,220.730000000,117.055794550
2024-11-12T06:50:45.083704Z,220.890000000,0.053108860,220.860000000,45.276611750,220.900000000,9.053870520,220.850000000,45.279195470,220.910000000,90.537277710,220.830000000,45.283702390,220.920000000,135.798936310,220.790000000,0.190180540,220.950000000,7.910000000,220.780000000,77.166448030,220.960000000,228.548651580,220.770000000,154.004583950,220.980000000,114.188000000,220.760000000,8.502365000,220.990000000,8.040135970,220.750000000,32.540000000,221.000000000,347.688063300,220.740000000,103.877329620,221.010000000,452.841739030,220.730000000,117.055794550
2024-11-12T06:50:45.097400Z,220.890000000,0.053108860,220.850000000,45.279195470,220.900000000,9.053870520,220.830000000,45.283702390,220.910000000,90.537277710,220.790000000,0.190180540,220.920000000,135.798936310,220.780000000,77.166448030,220.950000000,7.910000000,220.770000000,154.004583950,220.960000000,228.548651580,220.760000000,8.502365000,220.980000000,114.188000000,220.750000000,32.540000000,220.990000000,8.040135970,220.740000000,103.877329620,221.000000000,347.688063300,220.730000000,117.055794550,221.010000000,452.841739030,220.720000000,12.350000000
2024-11-12T06:50:45.097636Z,220.890000000,0.053108860,220.850000000,45.279195470,220.900000000,9.053870520,220.830000000,45.283702390,220.910000000,45.268608440,220.790000000,0.190180540,220.920000000,135.798936310,220.780000000,77.166448030,220.950000000,7.910000000,220.770000000,154.004583950,220.960000000,228.548651580,220.760000000,8.502365000,220.980000000,114.188000000,220.750000000,32.540000000,220.990000000,8.040135970,220.740000000,103.877329620,221.000000000,347.688063300,220.730000000,117.055794550,221.010000000,452.841739030,220.720000000,12.350000000
2024-11-12T06:50:45.100719Z,220.890000000,0.053108860,220.850000000,45.279195470,220.900000000,9.053870520,220.840000000,45.280616850,220.910000000,45.268608440,220.830000000,45.283702390,220.920000000,135.798936310,220.790000000,0.190180540,220.950000000,7.910000000,220.780000000,77.166448030,220.960000000,228.548651580,220.770000000,154.004583950,220.980000000,114.188000000,220.760000000,8.502365000,220.990000000,8.040135970,220.750000000,32.540000000,221.000000000,347.688063300,220.740000000,103.877329620,221.010000000,452.841739030,220.730000000,117.055794550
2024-11-12T06:50:45.160771Z,220.890000000,0.053108860,220.850000000,45.279195470,220.910000000,45.268608440,220.840000000,45.280616850,220.920000000,135.798936310,220.830000000,45.283702390,220.950000000,7.910000000,220.790000000,0.190180540,220.960000000,228.548651580,220.780000000,77.166448030,220.980000000,114.188000000,220.770000000,154.004583950,220.990000000,8.040135970,220.760000000,8.502365000,221.000000000,347.688063300,220.750000000,32.540000000,221.010000000,452.841739030,220.740000000,103.877329620,221.050000000,3.791485180,220.730000000,117.055794550
2024-11-12T06:50:45.162227Z,220.890000000,0.053108860,220.850000000,45.279195470,220.920000000,135.798936310,220.840000000,45.280616850,220.950000000,7.910000000,220.830000000,45.283702390,220.960000000,228.548651580,220.790000000,0.190180540,220.980000000,114.188000000,220.780000000,77.166448030,220.990000000,8.040135970,220.770000000,154.004583950,221.000000000,347.688063300,220.760000000,8.502365000,221.010000000,452.841739030,220.750000000,32.540000000,221.050000000,3.791485180,220.740000000,103.877329620,221.060000000,2.616861940,220.730000000,117.055794550
2024-11-12T06:50:45.188200Z,220.900000000,0.053108860,220.850000000,45.279195470,220.920000000,135.798936310,220.840000000,45.280616850,220.950000000,7.910000000,220.830000000,45.283702390,220.960000000,228.548651580,220.790000000,0.190180540,220.980000000,114.188000000,220.780000000,77.166448030,220.990000000,8.040135970,220.770000000,154.004583950,221.000000000,347.688063300,220.760000000,8.502365000,221.010000000,452.841739030,220.750000000,32.540000000,221.050000000,3.791485180,220.740000000,103.877329620,221.060000000,2.616861940,220.730000000,117.055794550
2024-11-12T06:50:45.191167Z,220.910000000,0.053108860,220.850000000,45.279195470,220.920000000,135.798936310,220.840000000,45.280616850,220.950000000,7.910000000,220.830000000,45.283702390,220.960000000,228.548651580,220.790000000,0.190180540,220.980000000,114.188000000,220.780000000,77.166448030,220.990000000,8.040135970,220.770000000,154.004583950,221.000000000,347.688063300,220.760000000,8.502365000,221.010000000,452.841739030,220.750000000,32.540000000,221.050000000,3.791485180,220.740000000,103.877329620,221.060000000,2.616861940,220.730000000,117.055794550
2024-11-12T06:50:45.191680Z,220.900000000,45.270155510,220.850000000,45.279195470,220.910000000,0.053108860,220.840000000,45.280616850,220.920000000,135.798936310,220.830000000,45.283702390,220.950000000,7.910000000,220.790000000,0.190180540,220.960000000,228.548651580,220.780000000,77.166448030,220.980000000,114.188000000,220.770000000,154.004583950,220.990000000,8.040135970,220.760000000,8.502365000,221.000000000,347.688063300,220.750000000,32.540000000,221.010000000,452.841739030,220.740000000,103.877329620,221.050000000,3.791485180,220.730000000,117.055794550
2024-11-12T06:50:45.195870Z,220.900000000,45.270155510,220.850000000,45.279195470,220.910000000,0.053108860,220.840000000,45.280616850,220.920000000,135.798936310,220.830000000,45.283702390,220.950000000,7.910000000,220.790000000,0.190180540,220.960000000,228.548651580,220.780000000,77.166448030,220.980000000,114.188000000,220.770000000,154.004583950,220.990000000,8.040135970,220.760000000,8.502365000,221.000000000,347.688063300,220.750000000,32.540000000,221.010000000,463.031783360,220.740000000,103.877329620,221.050000000,3.791485180,220.730000000,117.055794550
2024-11-12T06:50:45.242803Z,220.900000000,45.270155510,220.850000000,45.279195470,220.910000000,45.321176310,220.840000000,45.280616850,220.920000000,135.798936310,220.830000000,45.283702390,220.950000000,7.910000000,220.790000000,0.190180540,220.960000000,228.548651580,220.780000000,77.166448030,220.980000000,114.188000000,220.770000000,154.004583950,220.990000000,8.040135970,220.760000000,8.502365000,221.000000000,347.688063300,220.750000000,32.540000000,221.010000000,463.031783360,220.740000000,103.877329620,221.050000000,3.791485180,220.730000000,117.055794550
2024-11-12T06:50:45.262503Z,220.900000000,45.270155510,220.850000000,45.279195470,220.910000000,0.053108860,220.840000000,45.280616850,220.920000000,135.798936310,220.830000000,45.283702390,220.950000000,7.910000000,220.790000000,0.190180540,220.960000000,228.548651580,220.780000000,77.166448030,220.980000000,114.188000000,220.770000000,154.004583950,220.990000000,8.040135970,220.760000000,8.502365000,221.000000000,347.688063300,220.750000000,32.540000000,221.010000000,463.031783360,220.740000000,103.877329620,221.050000000,3.791485180,220.730000000,117.055794550
2024-11-12T06:50:45.280325Z,220.900000000,45.270155510,220.850000000,45.279195470,220.910000000,0.053108860,220.830000000,45.283702390,220.920000000,135.798936310,220.790000000,0.190180540,220.950000000,7.910000000,220.780000000,77.166448030,220.960000000,228.548651580,220.770000000,154.004583950,220.980000000,114.188000000,220.760000000,8.502365000,220.990000000,8.040135970,220.750000000,32.540000000,221.000000000,347.688063300,220.740000000,103.877329620,221.010000000,463.031783360,220.730000000,117.055794550,221.050000000,3.791485180,220.720000000,12.350000000
2024-11-12T06:50:45.281956Z,220.900000000,45.270155510,220.860000000,0.190120270,220.910000000,0.053108860,220.850000000,45.279195470,220.920000000,135.798936310,220.830000000,45.283702390,220.950000000,7.910000000,220.780000000,77.166448030,220.960000000,228.548651580,220.770000000,154.004583950,220.980000000,114.188000000,220.760000000,8.502365000,220.990000000,8.040135970,220.750000000,32.540000000,221.000000000,347.688063300,220.740000000,103.877329620,221.010000000,463.031783360,220.730000000,117.055794550,221.050000000,3.791485180,220.720000000,12.350000000
2024-11-12T06:50:45.283424Z,220.900000000,45.270155510,220.860000000,0.190120270,220.910000000,0.053108860,220.850000000,90.558390940,220.920000000,135.798936310,220.830000000,45.283702390,220.950000000,7.910000000,220.780000000,77.166448030,220.960000000,228.548651580,220.770000000,154.004583950,220.980000000,114.188000000,220.760000000,8.502365000,220.990000000,8.040135970,220.750000000,32.540000000,221.000000000,347.688063300,220.740000000,103.877329620,221.010000000,463.031783360,220.730000000,117.055794550,221.050000000,3.791485180,220.720000000,12.350000000
2024-11-12T06:50:45.285060Z,220.910000000,0.053108860,220.860000000,0.190120270,220.920000000,135.798936310,220.850000000,90.558390940,220.950000000,7.910000000,220.830000000,45.283702390,220.960000000,228.548651580,220.780000000,77.166448030,220.980000000,114.188000000,220.770000000,154.004583950,220.990000000,8.040135970,220.760000000,8.502365000,221.000000000,347.688063300,220.750000000,32.540000000,221.010000000,463.031783360,220.740000000,103.877329620,221.050000000,3.791485180,220.730000000,117.055794550,221.060000000,2.616861940,220.720000000,12.350000000
2024-11-12T06:50:45.303632Z,220.920000000,135.798936310,220.860000000,0.190120270,220.950000000,7.963108860,220.850000000,90.558390940,220.960000000,228.548651580,220.830000000,45.283702390,220.980000000,114.188000000,220.780000000,77.166448030,220.990000000,8.040135970,220.770000000,154.004583950,221.000000000,347.688063300,220.760000000,8.502365000,221.010000000,463.031783360,220.750000000,32.540000000,221.050000000,3.791485180,220.740000000,103.877329620,221.060000000,2.616861940,220.730000000,117.055794550,221.070000000,0.083462170,220.720000000,12.350000000
2024-11-12T06:50:45.307073Z,220.910000000,45.268416160,220.860000000,0.190120270,220.920000000,135.798936310,220.850000000,90.558390940,220.950000000,7.963108860,220.830000000,45.283702390,220.960000000,228.548651580,220.780000000,77.166448030,220.980000000,114.188000000,220.770000000,154.004583950,220.990000000,8.040135970,220.760000000,8.502365000,221.000000000,347.688063300,220.750000000,32.540000000,221.010000000,463.031783360,220.740000000,103.877329620,221.050000000,3.791485180,220.730000000,117.055794550,221.060000000,2.616861940,220.720000000,12.350000000
2024-11-12T06:50:45.329362Z,220.910000000,45.268416160,220.860000000,0.190120270,220.920000000,135.798936310,220.850000000,45.279195470,220.950000000,7.963108860,220.830000000,45.283702390,220.960000000,228.548651580,220.780000000,77.166448030,220.980000000,114.188000000,220.770000000,154.004583950,220.990000000,8.040135970,220.760000000,8.502365000,221.000000000,347.688063300,220.750000000,32.540000000,221.010000000,463.031783360,220.740000000,103.877329620,221.050000000,3.791485180,220.730000000,117.055794550,221.060000000,2.616861940,220.720000000,12.350000000
2024-11-12T06:50:45.334239Z,220.910000000,45.268416160,220.860000000,0.190120270,220.920000000,135.798936310,220.850000000,45.279195470,220.950000000,7.963108860,220.830000000,54.103702390,220.960000000,228.548651580,220.780000000,77.166448030,220.980000000,114.188000000,220.770000000,154.004583950,220.990000000,8.040135970,220.760000000,8.502365000,221.000000000,347.688063300,220.750000000,32.540000000,221.010000000,463.031783360,220.740000000,103.877329620,221.050000000,3.791485180,220.730000000,117.055794550,221.060000000,2.616861940,220.720000000,12.350000000
2024-11-12T06:50:45.344592Z,220.920000000,135.798936310,220.860000000,0.190120270,220.950000000,7.963108860,220.850000000,45.279195470,220.960000000,228.548651580,220.830000000,54.103702390,220.980000000,114.188000000,220.780000000,77.166448030,220.990000000,8.040135970,220.770000000,154.004583950,221.000000000,347.688063300,220.760000000,8.502365000,221.010000000,463.031783360,220.750000000,32.540000000,221.050000000,3.791485180,220.740000000,103.877329620,221.060000000,2.616861940,220.730000000,117.055794550,221.070000000,0.083462170,220.720000000,12.350000000
2024-11-12T06:50:45.376529Z,220.910000000,45.267303420,220.860000000,0.190120270,220.920000000,135.798936310,220.850000000,45.279195470,220.950000000,7.963108860,220.830000000,54.103702390,220.960000000,228.548651580,220.780000000,77.166448030,220.980000000,114.188000000,220.770000000,154.004583950,220.990000000,8.040135970,220.760000000,8.502365000,221.000000000,347.688063300,220.750000000,32.540000000,221.010000000,463.031783360,220.740000000,103.877329620,221.050000000,3.791485180,220.730000000,117.055794550,221.060000000,2.616861940,220.720000000,12.350000000
2024-11-12T06:50:45.376973Z,220.910000000,45.267303420,220.860000000,0.190120270,220.920000000,135.798936310,220.850000000,90.558036670,220.950000000,7.963108860,220.830000000,54.103702390,220.960000000,228.548651580,220.780000000,77.166448030,220.980000000,114.188000000,220.770000000,154.004583950,220.990000000,8.040135970,220.760000000,8.502365000,221.000000000,347.688063300,220.750000000,32.540000000,221.010000000,463.031783360,220.740000000,103.877329620,221.050000000,3.791485180,220.730000000,117.055794550,221.060000000,2.616861940,220.720000000,12.350000000
2024-11-12T06:50:45.432830Z,220.920000000,135.798936310,220.860000000,0.190120270,220.950000000,7.963108860,220.850000000,90.558036670,220.960000000,228.548651580,220.830000000,54.103702390,220.980000000,114.188000000,220.780000000,77.166448030,220.990000000,8.040135970,220.770000000,154.004583950,221.000000000,347.688063300,220.760000000,8.502365000,221.010000000,463.031783360,220.750000000,32.540000000,221.050000000,3.791485180,220.740000000,103.877329620,221.060000000,2.616861940,220.730000000,117.055794550,221.070000000,0.083462170,220.720000000,12.350000000
2024-11-12T06:50:45.432980Z,220.920000000,135.798936310,220.860000000,0.190120270,220.950000000,7.963108860,220.850000000,45.278841200,220.960000000,228.548651580,220.830000000,54.103702390,220.980000000,114.188000000,220.780000000,77.166448030,220.990000000,8.040135970,220.770000000,154.004583950,221.000000000,347.688063300,220.760000000,8.502365000,221.010000000,463.031783360,220.750000000,32.540000000,221.050000000,3.791485180,220.740000000,103.877329620,221.060000000,2.616861940,220.730000000,117.055794550,221.070000000,0.083462170,220.720000000,12.350000000
2024-11-12T06:50:45.436403Z,220.900000000,45.270410060,220.860000000,0.190120270,220.920000000,135.798936310,220.850000000,45.278841200,220.950000000,7.963108860,220.830000000,54.103702390,220.960000000,228.548651580,220.780000000,77.166448030,220.980000000,114.188000000,220.770000000,154.004583950,220.990000000,8.040135970,220.760000000,8.502365000,221.000000000,347.688063300,220.750000000,32.540000000,221.010000000,463.031783360,220.740000000,103.877329620,221.050000000,3.791485180,220.730000000,117.055794550,221.060000000,2.616861940,220.720000000,12.350000000
2024-11-12T06:50:45.436558Z,220.900000000,45.270410060,220.860000000,0.190120270,220.920000000,135.798936310,220.850000000,45.278841200,220.950000000,7.963108860,220.840000000,45.281128370,220.960000000,228.548651580,220.830000000,54.103702390,220.980000000,114.188000000,220.780000000,77.166448030,220.990000000,8.040135970,220.770000000,154.004583950,221.000000000,347.688063300,220.760000000,8.502365000,221.010000000,463.031783360,220.750000000,32.540000000,221.050000000,3.791485180,220.740000000,103.877329620,221.060000000,2.616861940,220.730000000,117.055794550
2024-11-12T06:50:45.490160Z,220.900000000,45.270410060,220.860000000,0.190120270,220.920000000,135.798936310,220.850000000,45.278841200,220.950000000,7.963108860,220.840000000,45.281128370,220.960000000,228.548651580,220.830000000,54.103702390,220.980000000,114.188000000,220.780000000,77.166448030,220.990000000,8.040135970,220.770000000,154.004583950,221.000000000,365.805294920,220.760000000,8.502365000,221.010000000,463.031783360,220.750000000,32.540000000,221.050000000,3.791485180,220.740000000,103.877329620,221.060000000,2.616861940,220.730000000,117.055794550
2024-11-12T06:50:45.573652Z,220.900000000,45.270410060,220.860000000,0.190120270,220.920000000,135.798936310,220.850000000,45.278841200,220.950000000,7.963108860,220.830000000,54.103702390,220.960000000,228.548651580,220.780000000,77.166448030,220.980000000,114.188000000,220.770000000,154.004583950,220.990000000,8.040135970,220.760000000,8.502365000,221.000000000,365.805294920,220.750000000,32.540000000,221.010000000,463.031783360,220.740000000,103.877329620,221.050000000,3.791485180,220.730000000,117.055794550,221.060000000,2.616861940,220.720000000,12.350000000
2024-11-12T06:50:45.576523Z,220.900000000,45.270410060,220.860000000,0.190120270,220.910000000,45.267433950,220.850000000,45.278841200,220.920000000,135.798936310,220.830000000,54.103702390,220.950000000,7.963108860,220.780000000,77.166448030,220.960000000,228.548651580,220.770000000,154.004583950,220.980000000,114.188000000,220.760000000,8.502365000,220.990000000,8.040135970,220.750000000,32.540000000,221.000000000,365.805294920,220.740000000,103.877329620,221.010000000,463.031783360,220.730000000,117.055794550,221.050000000,3.791485180,220.720000000,12.350000000
2024-11-12T06:50:45.576715Z,220.900000000,45.270410060,220.860000000,0.190120270,220.910000000,45.267433950,220.850000000,90.557682400,220.920000000,135.798936310,220.830000000,54.103702390,220.950000000,7.963108860,220.780000000,77.166448030,220.960000000,228.548651580,220.770000000,154.004583950,220.980000000,114.188000000,220.760000000,8.502365000,220.990000000,8.040135970,220.750000000,32.540000000,221.000000000,365.805294920,220.740000000,103.877329620,221.010000000,463.031783360,220.730000000,117.055794550,221.050000000,3.791485180,220.720000000,12.350000000
2024-11-12T06:50:45.580659Z,220.900000000,45.270410060,220.860000000,0.190120270,220.920000000,135.798936310,220.850000000,90.557682400,220.950000000,7.963108860,220.830000000,54.103702390,220.960000000,228.548651580,220.780000000,77.166448030,220.980000000,114.188000000,220.770000000,154.004583950,220.990000000,8.040135970,220.760000000,8.502365000,221.000000000,365.805294920,220.750000000,32.540000000,221.010000000,463.031783360,220.740000000,103.877329620,221.050000000,3.791485180,220.730000000,117.055794550,221.060000000,2.616861940,220.720000000,12.350000000
2024-11-12T06:50:45.583638Z,220.900000000,90.540820120,220.860000000,0.190120270,220.920000000,135.798936310,220.850000000,90.557682400,220.950000000,7.963108860,220.830000000,54.103702390,220.960000000,228.548651580,220.780000000,77.166448030,220.980000000,114.188000000,220.770000000,154.004583950,220.990000000,8.040135970,220.760000000,8.502365000,221.000000000,365.805294920,220.750000000,32.540000000,221.010000000,463.031783360,220.740000000,103.877329620,221.050000000,3.791485180,220.730000000,117.055794550,221.060000000,2.616861940,220.720000000,12.350000000
2024-11-12T06:50:45.823939Z,220.900000000,90.540820120,220.860000000,0.190120270,220.910000000,0.053108860,220.850000000,90.557682400,220.920000000,135.798936310,220.830000000,54.103702390,220.950000000,7.910000000,220.780000000,77.166448030,220.960000000,228.548651580,220.770000000,154.004583950,220.980000000,114.188000000,220.760000000,8.502365000,220.990000000,8.040135970,220.750000000,32.540000000,221.000000000,365.805294920,220.740000000,103.877329620,221.010000000,463.031783360,220.730000000,117.055794550,221.050000000,3.791485180,220.720000000,12.350000000
2024-11-12T06:50:45.891947Z,220.900000000,90.540820120,220.860000000,77.356568300,220.910000000,0.053108860,220.850000000,90.557682400,220.920000000,135.798936310,220.830000000,54.103702390,220.950000000,7.910000000,220.780000000,77.166448030,220.960000000,228.548651580,220.770000000,154.004583950,220.980000000,114.188000000,220.760000000,8.502365000,220.990000000,8.040135970,220.750000000,32.540000000,221.000000000,365.805294920,220.740000000,103.877329620,221.010000000,463.031783360,220.730000000,117.055794550,221.050000000,3.791485180,220.720000000,12.350000000
2024-11-12T06:50:45.895951Z,220.900000000,90.540820120,220.860000000,77.166448030,220.910000000,0.053108860,220.850000000,90.557682400,220.920000000,135.798936310,220.830000000,54.103702390,220.950000000,7.910000000,220.790000000,0.190180540,220.960000000,228.548651580,220.780000000,77.166448030,220.980000000,114.188000000,220.770000000,154.004583950,220.990000000,8.040135970,220.760000000,8.502365000,221.000000000,365.805294920,220.750000000,32.540000000,221.010000000,463.031783360,220.740000000,103.877329620,221.050000000,3.791485180,220.730000000,117.055794550
2024-11-12T06:50:45.899588Z,220.900000000,90.540820120,220.860000000,77.166448030,220.910000000,0.053108860,220.850000000,90.557682400,220.920000000,135.798936310,220.830000000,54.103702390,220.950000000,7.910000000,220.790000000,0.190180540,220.960000000,228.548651580,220.770000000,154.004583950,220.980000000,114.188000000,220.760000000,8.502365000,220.990000000,8.040135970,220.750000000,32.540000000,221.000000000,365.805294920,220.740000000,103.877329620,221.010000000,463.031783360,220.730000000,117.055794550,221.050000000,3.791485180,220.720000000,12.350000000
2024-11-12T06:50:45.903113Z,220.900000000,90.540820120,220.860000000,77.166448030,220.910000000,0.053108860,220.850000000,90.557682400,220.920000000,135.798936310,220.830000000,54.103702390,220.950000000,7.910000000,220.780000000,0.190189160,220.960000000,228.548651580,220.770000000,154.004583950,220.980000000,114.188000000,220.760000000,8.502365000,220.990000000,8.040135970,220.750000000,32.540000000,221.000000000,365.805294920,220.740000000,103.877329620,221.010000000,463.031783360,220.730000000,117.055794550,221.050000000,3.791485180,220.720000000,12.350000000
2024-11-12T06:50:45.951811Z,220.900000000,90.540820120,220.860000000,77.166448030,220.910000000,0.053108860,220.850000000,90.557682400,220.920000000,135.798936310,220.830000000,54.103702390,220.950000000,7.910000000,220.800000000,8.502365000,220.960000000,228.548651580,220.780000000,0.190189160,220.980000000,114.188000000,220.770000000,154.004583950,220.990000000,8.040135970,220.760000000,8.502365000,221.000000000,365.805294920,220.750000000,32.540000000,221.010000000,463.031783360,220.740000000,103.877329620,221.050000000,3.791485180,220.730000000,117.055794550
2024-11-12T06:50:45.953418Z,220.900000000,45.270410060,220.860000000,77.166448030,220.910000000,0.053108860,220.850000000,90.557682400,220.920000000,135.798936310,220.830000000,54.103702390,220.950000000,7.910000000,220.800000000,8.502365000,220.960000000,228.548651580,220.780000000,0.190189160,220.980000000,114.188000000,220.770000000,154.004583950,220.990000000,8.040135970,220.760000000,8.502365000,221.000000000,365.805294920,220.750000000,32.540000000,221.010000000,463.031783360,220.740000000,103.877329620,221.050000000,3.791485180,220.730000000,117.055794550
2024-11-12T06:50:45.953504Z,220.900000000,45.270410060,220.860000000,77.166448030,220.910000000,0.053108860,220.850000000,45.278841200,220.920000000,135.798936310,220.830000000,54.103702390,220.950000000,7.910000000,220.800000000,8.502365000,220.960000000,228.548651580,220.780000000,0.190189160,220.980000000,114.188000000,220.770000000,154.004583950,220.990000000,8.040135970,220.760000000,8.502365000,221.000000000,365.805294920,220.750000000,32.540000000,221.010000000,463.031783360,220.740000000,103.877329620,221.050000000,3.791485180,220.730000000,117.055794550
2024-11-12T06:50:45.953541Z,220.910000000,0.053108860,220.860000000,77.166448030,220.920000000,135.798936310,220.850000000,45.278841200,220.950000000,7.910000000,220.830000000,54.103702390,220.960000000,228.548651580,220.800000000,8.502365000,220.980000000,114.188000000,220.780000000,0.190189160,220.990000000,8.040135970,220.770000000,154.004583950,221.000000000,365.805294920,220.760000000,8.502365000,221.010000000,463.031783360,220.750000000,32.540000000,221.050000000,3.791485180,220.740000000,103.877329620,221.060000000,79.783309970,220.730000000,117.055794550
2024-11-12T06:50:45.959407Z,220.910000000,0.053108860,220.860000000,77.166448030,220.920000000,181.064772140,220.850000000,45.278841200,220.950000000,7.910000000,220.830000000,54.103702390,220.960000000,228.548651580,220.800000000,8.502365000,220.980000000,114.188000000,220.780000000,0.190189160,220.990000000,8.040135970,220.770000000,154.004583950,221.000000000,365.805294920,220.760000000,8.502365000,221.010000000,463.031783360,220.750000000,32.540000000,221.050000000,3.791485180,220.740000000,103.877329620,221.060000000,79.783309970,220.730000000,117.055794550
2024-11-12T06:50:45.959710Z,220.910000000,0.053108860,220.860000000,122.443001090,220.920000000,181.064772140,220.850000000,45.278841200,220.950000000,7.910000000,220.830000000,54.103702390,220.960000000,228.548651580,220.800000000,8.502365000,220.980000000,114.188000000,220.780000000,0.190189160,220.990000000,8.040135970,220.770000000,154.004583950,221.000000000,365.805294920,220.760000000,8.502365000,221.010000000,463.031783360,220.750000000,32.540000000,221.050000000,3.791485180,220.740000000,103.877329620,221.060000000,79.783309970,220.730000000,117.055794550
2024-11-12T06:50:45.960336Z,220.910000000,45.320571020,220.860000000,122.443001090,220.920000000,181.064772140,220.850000000,45.278841200,220.950000000,7.910000000,220.830000000,54.103702390,220.960000000,228.548651580,220.800000000,8.502365000,220.980000000,114.188000000,220.780000000,0.190189160,220.990000000,8.040135970,220.770000000,154.004583950,221.000000000,365.805294920,220.760000000,8.502365000,221.010000000,463.031783360,220.750000000,32.540000000,221.050000000,3.791485180,220.740000000,103.877329620,221.060000000,79.783309970,220.730000000,117.055794550
2024-11-12T06:50:46.000775Z,220.910000000,45.320571020,220.860000000,122.443001090,220.920000000,181.064772140,220.830000000,54.103702390,220.950000000,7.910000000,220.800000000,8.502365000,220.960000000,228.548651580,220.780000000,0.190189160,220.980000000,114.188000000,220.770000000,154.004583950,220.990000000,8.040135970,220.760000000,8.502365000,221.000000000,365.805294920,220.750000000,32.540000000,221.010000000,463.031783360,220.740000000,103.877329620,221.050000000,3.791485180,220.730000000,117.055794550,221.060000000,79.783309970,220.720000000,12.350000000
2024-11-12T06:50:46.031775Z,220.910000000,45.320571020,220.860000000,122.443001090,220.920000000,181.064772140,220.830000000,54.103702390,220.950000000,7.910000000,220.800000000,8.502365000,220.960000000,228.548651580,220.780000000,0.190189160,220.980000000,114.188000000,220.770000000,154.004583950,220.990000000,8.040135970,220.760000000,8.502365000,221.000000000,347.688063300,220.750000000,32.540000000,221.010000000,463.031783360,220.740000000,103.877329620,221.050000000,3.791485180,220.730000000,117.055794550,221.060000000,79.783309970,220.720000000,12.350000000
2024-11-12T06:50:46.055891Z,220.910000000,45.320571020,220.860000000,122.443001090,220.920000000,181.064772140,220.830000000,54.103702390,220.950000000,7.910000000,220.800000000,8.502365000,220.960000000,228.548651580,220.780000000,0.190189160,220.980000000,114.188000000,220.770000000,154.004583950,220.990000000,8.040135970,220.750000000,32.540000000,221.000000000,347.688063300,220.740000000,103.877329620,221.010000000,463.031783360,220.730000000,117.055794550,221.050000000,3.791485180,220.720000000,12.350000000,221.060000000,79.783309970,220.710000000,222.003489810
2024-11-12T06:50:46.077426Z,220.910000000,45.320571020,220.860000000,122.443001090,220.920000000,181.064772140,220.830000000,54.103702390,220.950000000,7.910000000,220.800000000,8.502365000,220.960000000,228.548651580,220.780000000,0.190189160,220.980000000,114.188000000,220.770000000,154.004583950,220.990000000,8.040135970,220.750000000,32.540000000,221.000000000,347.688063300,220.740000000,12.484499190,221.010000000,463.031783360,220.730000000,117.055794550,221.050000000,3.791485180,220.720000000,12.350000000,221.060000000,79.783309970,220.710000000,222.003489810
2024-11-12T06:50:46.089642Z,220.910000000,45.320571020,220.860000000,122.443001090,220.920000000,181.064772140,220.830000000,54.103702390,220.950000000,7.910000000,220.800000000,8.502365000,220.960000000,228.548651580,220.780000000,0.190189160,220.980000000,114.188000000,220.770000000,154.004583950,220.990000000,8.040135970,220.750000000,32.540000000,221.000000000,347.688063300,220.740000000,68.021323110,221.010000000,463.031783360,220.730000000,117.055794550,221.050000000,3.791485180,220.720000000,12.350000000,221.060000000,79.783309970,220.710000000,222.003489810
2024-11-12T06:50:46.089700Z,220.910000000,45.320571020,220.860000000,122.443001090,220.920000000,181.064772140,220.830000000,54.103702390,220.950000000,7.910000000,220.800000000,8.502365000,220.960000000,228.548651580,220.780000000,0.190189160,220.980000000,114.188000000,220.770000000,154.004583950,220.990000000,8.040135970,220.750000000,32.540000000,221.000000000,347.688063300,220.740000000,68.021323110,221.010000000,463.031783360,220.730000000,117.055794550,221.050000000,3.791485180,220.720000000,154.211211440,221.060000000,79.783309970,220.710000000,222.003489810
2024-11-12T06:50:46.119125Z,220.910000000,45.320571020,220.860000000,122.443001090,220.920000000,135.798936310,220.830000000,54.103702390,220.950000000,7.910000000,220.800000000,8.502365000,220.960000000,228.548651580,220.780000000,0.190189160,220.980000000,114.188000000,220.770000000,154.004583950,220.990000000,8.040135970,220.750000000,32.540000000,221.000000000,347.688063300,220.740000000,68.021323110,221.010000000,463.031783360,220.730000000,117.055794550,221.050000000,3.791485180,220.720000000,154.211211440,221.060000000,79.783309970,220.710000000,222.003489810
2024-11-12T06:50:46.125148Z,220.910000000,45.320571020,220.860000000,77.166448030,220.920000000,135.798936310,220.830000000,54.103702390,220.950000000,7.910000000,220.800000000,8.502365000,220.960000000,228.548651580,220.780000000,0.190189160,220.980000000,114.188000000,220.770000000,154.004583950,220.990000000,8.040135970,220.750000000,32.540000000,221.000000000,347.688063300,220.740000000,68.021323110,221.010000000,463.031783360,220.730000000,117.055794550,221.050000000,3.791485180,220.720000000,154.211211440,221.060000000,79.783309970,220.710000000,222.003489810
2024-11-12T06:50:46.132523Z,220.900000000,45.270345040,220.860000000,77.166448030,220.910000000,45.320571020,220.830000000,54.103702390,220.920000000,135.798936310,220.800000000,8.502365000,220.950000000,7.910000000,220.780000000,0.190189160,220.960000000,228.548651580,220.770000000,154.004583950,220.980000000,114.188000000,220.750000000,32.540000000,220.990000000,8.040135970,220.740000000,68.021323110,221.000000000,347.688063300,220.730000000,117.055794550,221.010000000,463.031783360,220.720000000,154.211211440,221.050000000,3.791485180,220.710000000,222.003489810
2024-11-12T06:50:46.132736Z,220.900000000,45.270345040,220.860000000,77.166448030,220.910000000,45.320571020,220.850000000,45.279436520,220.920000000,135.798936310,220.830000000,54.103702390,220.950000000,7.910000000,220.800000000,8.502365000,220.960000000,228.548651580,220.780000000,0.190189160,220.980000000,114.188000000,220.770000000,154.004583950,220.990000000,8.040135970,220.750000000,32.540000000,221.000000000,347.688063300,220.740000000,68.021323110,221.010000000,463.031783360,220.730000000,117.055794550,221.050000000,3.791485180,220.720000000,154.211211440
2024-11-12T06:50:46.132752Z,220.900000000,45.270345040,220.860000000,77.166448030,220.910000000,45.320571020,220.850000000,45.279436520,220.920000000,135.798936310,220.840000000,45.281063330,220.950000000,7.910000000,220.830000000,54.103702390,220.960000000,228.548651580,220.800000000,8.502365000,220.980000000,114.188000000,220.780000000,0.190189160,220.990000000,8.040135970,220.770000000,154.004583950,221.000000000,347.688063300,220.750000000,32.540000000,221.010000000,463.031783360,220.740000000,68.021323110,221.050000000,3.791485180,220.730000000,117.055794550
2024-11-12T06:50:46.135237Z,220.900000000,45.270345040,220.860000000,77.166448030,220.910000000,0.053108860,220.850000000,45.279436520,220.920000000,135.798936310,220.840000000,45.281063330,220.950000000,7.910000000,220.830000000,54.103702390,220.960000000,228.548651580,220.800000000,8.502365000,220.980000000,114.188000000,220.780000000,0.190189160,220.990000000,8.040135970,220.770000000,154.004583950,221.000000000,347.688063300,220.750000000,32.540000000,221.010000000,463.031783360,220.740000000,68.021323110,221.050000000,3.791485180,220.730000000,117.055794550
2024-11-12T06:50:46.151104Z,220.900000000,45.270345040,220.860000000,77.166448030,220.910000000,0.053108860,220.840000000,45.281063330,220.920000000,135.798936310,220.830000000,54.103702390,220.950000000,7.910000000,220.800000000,8.502365000,220.960000000,228.548651580,220.780000000,0.190189160,220.980000000,114.188000000,220.770000000,154.004583950,220.990000000,8.040135970,220.750000000,32.540000000,221.000000000,347.688063300,220.740000000,68.021323110,221.010000000,463.031783360,220.730000000,117.055794550,221.050000000,3.791485180,220.720000000,154.211211440
2024-11-12T06:50:46.167339Z,220.910000000,0.053108860,220.860000000,77.166448030,220.920000000,135.798936310,220.840000000,45.281063330,220.950000000,7.910000000,220.830000000,54.103702390,220.960000000,228.548651580,220.800000000,8.502365000,220.980000000,114.188000000,220.780000000,0.190189160,220.990000000,8.040135970,220.770000000,154.004583950,221.000000000,347.688063300,220.750000000,32.540000000,221.010000000,463.031783360,220.740000000,68.021323110,221.050000000,3.791485180,220.730000000,117.055794550,221.060000000,79.783309970,220.720000000,154.211211440
2024-11-12T06:50:46.170422Z,220.910000000,0.053108860,220.860000000,77.166448030,220.920000000,135.798936310,220.830000000,54.103702390,220.950000000,7.910000000,220.800000000,8.502365000,220.960000000,228.548651580,220.780000000,0.190189160,220.980000000,114.188000000,220.770000000,154.004583950,220.990000000,8.040135970,220.750000000,32.540000000,221.000000000,347.688063300,220.740000000,68.021323110,221.010000000,463.031783360,220.730000000,117.055794550,221.050000000,3.791485180,220.720000000,154.211211440,221.060000000,79.783309970,220.710000000,222.003489810
2024-11-12T06:50:46.178927Z,220.910000000,0.053108860,220.860000000,77.166448030,220.950000000,7.910000000,220.830000000,54.103702390,220.960000000,228.548651580,220.800000000,8.502365000,220.980000000,114.188000000,220.780000000,0.190189160,220.990000000,8.040135970,220.770000000,154.004583950,221.000000000,347.688063300,220.750000000,32.540000000,221.010000000,463.031783360,220.740000000,68.021323110,221.050000000,3.791485180,220.730000000,117.055794550,221.060000000,79.783309970,220.720000000,154.211211440,221.070000000,0.083462170,220.710000000,222.003489810
2024-11-12T06:50:46.179020Z,220.910000000,0.053108860,220.860000000,77.166448030,220.950000000,7.910000000,220.830000000,8.820000000,220.960000000,228.548651580,220.800000000,8.502365000,220.980000000,114.188000000,220.780000000,0.190189160,220.990000000,8.040135970,220.770000000,154.004583950,221.000000000,347.688063300,220.750000000,32.540000000,221.010000000,463.031783360,220.740000000,68.021323110,221.050000000,3.791485180,220.730000000,117.055794550,221.060000000,79.783309970,220.720000000,154.211211440,221.070000000,0.083462170,220.710000000,222.003489810
2024-11-12T06:50:46.179403Z,220.910000000,0.053108860,220.860000000,77.166448030,220.950000000,7.910000000,220.830000000,8.820000000,220.960000000,2.255391330,220.800000000,8.502365000,220.980000000,114.188000000,220.780000000,0.190189160,220.990000000,8.040135970,220.770000000,154.004583950,221.000000000,347.688063300,220.750000000,32.540000000,221.010000000,463.031783360,220.740000000,68.021323110,221.050000000,3.791485180,220.730000000,117.055794550,221.060000000,79.783309970,220.720000000,154.211211440,221.070000000,0.083462170,220.710000000,222.003489810
2024-11-12T06:50:46.194775Z,220.940000000,0.053108860,220.860000000,77.166448030,220.950000000,7.910000000,220.830000000,8.820000000,220.960000000,2.255391330,220.800000000,8.502365000,220.980000000,114.188000000,220.780000000,0.190189160,220.990000000,8.040135970,220.770000000,154.004583950,221.000000000,347.688063300,220.750000000,32.540000000,221.010000000,463.031783360,220.740000000,68.021323110,221.050000000,3.791485180,220.730000000,117.055794550,221.060000000,79.783309970,220.720000000,154.211211440,221.070000000,0.083462170,220.710000000,222.003489810
2024-11-12T06:50:46.202407Z,220.940000000,0.053108860,220.830000000,8.820000000,220.950000000,7.910000000,220.800000000,8.502365000,220.960000000,2.255391330,220.780000000,0.190189160,220.980000000,114.188000000,220.770000000,154.004583950,220.990000000,8.040135970,220.750000000,32.540000000,221.000000000,347.688063300,220.740000000,68.021323110,221.010000000,463.031783360,220.730000000,117.055794550,221.050000000,3.791485180,220.720000000,154.211211440,221.060000000,79.783309970,220.710000000,222.003489810,221.070000000,0.083462170,220.700000000,7.911000000
2024-11-12T06:50:46.202873Z,220.930000000,45.263205540,220.830000000,8.820000000,220.940000000,0.053108860,220.800000000,8.502365000,220.950000000,7.910000000,220.780000000,0.190189160,220.960000000,2.255391330,220.770000000,154.004583950,220.980000000,114.188000000,220.750000000,32.540000000,220.990000000,8.040135970,220.740000000,68.021323110,221.000000000,347.688063300,220.730000000,117.055794550,221.010000000,463.031783360,220.720000000,154.211211440,221.050000000,3.791485180,220.710000000,222.003489810,221.060000000,79.783309970,220.700000000,7.911000000
2024-11-12T06:50:46.202965Z,220.930000000,45.263205540,220.830000000,8.820000000,220.940000000,0.053108860,220.800000000,8.502365000,220.950000000,7.910000000,220.790000000,99.640162540,220.960000000,2.255391330,220.780000000,0.190189160,220.980000000,114.188000000,220.770000000,154.004583950,220.990000000,8.040135970,220.750000000,32.540000000,221.000000000,347.688063300,220.740000000,68.021323110,221.010000000,463.031783360,220.730000000,117.055794550,221.050000000,3.791485180,220.720000000,154.211211440,221.060000000,79.783309970,220.710000000,222.003489810
2024-11-12T06:50:46.202996Z,220.930000000,181.052822160,220.830000000,8.820000000,220.940000000,0.053108860,220.800000000,8.502365000,220.950000000,7.910000000,220.790000000,99.640162540,220.960000000,2.255391330,220.780000000,0.190189160,220.980000000,114.188000000,220.770000000,154.004583950,220.990000000,8.040135970,220.750000000,32.540000000,221.000000000,347.688063300,220.740000000,68.021323110,221.010000000,463.031783360,220.730000000,117.055794550,221.050000000,3.791485180,220.720000000,154.211211440,221.060000000,79.783309970,220.710000000,222.003489810
2024-11-12T06:50:46.203300Z,220.930000000,407.377956150,220.830000000,8.820000000,220.940000000,0.053108860,220.800000000,8.502365000,220.950000000,7.910000000,220.790000000,99.640162540,220.960000000,2.255391330,220.780000000,0.190189160,220.980000000,114.188000000,220.770000000,154.004583950,220.990000000,8.040135970,220.750000000,32.540000000,221.000000000,347.688063300,220.740000000,68.021323110,221.010000000,463.031783360,220.730000000,117.055794550,221.050000000,3.791485180,220.720000000,154.211211440,221.060000000,79.783309970,220.710000000,222.003489810
2024-11-12T06:50:46.226609Z,220.930000000,362.114750610,220.830000000,8.820000000,220.940000000,0.053108860,220.800000000,8.502365000,220.950000000,7.910000000,220.790000000,99.640162540,220.960000000,2.255391330,220.780000000,0.190189160,220.980000000,114.188000000,220.770000000,154.004583950,220.990000000,8.040135970,220.750000000,32.540000000,221.000000000,347.688063300,220.740000000,68.021323110,221.010000000,463.031783360,220.730000000,117.055794550,221.050000000,3.791485180,220.720000000,154.211211440,221.060000000,79.783309970,220.710000000,222.003489810
2024-11-12T06:50:46.226761Z,220.930000000,362.114750610,220.830000000,8.820000000,220.940000000,0.053108860,220.800000000,8.502365000,220.950000000,7.910000000,220.780000000,0.190189160,220.960000000,2.255391330,220.770000000,154.004583950,220.980000000,114.188000000,220.750000000,32.540000000,220.990000000,8.040135970,220.740000000,68.021323110,221.000000000,347.688063300,220.730000000,117.055794550,221.010000000,463.031783360,220.720000000,154.211211440,221.050000000,3.791485180,220.710000000,222.003489810,221.060000000,79.783309970,220.700000000,7.911000000
2024-11-12T06:50:46.227005Z,220.930000000,135.789616620,220.830000000,8.820000000,220.940000000,0.053108860,220.800000000,8.502365000,220.950000000,7.910000000,220.780000000,0.190189160,220.960000000,2.255391330,220.770000000,154.004583950,220.980000000,114.188000000,220.750000000,32.540000000,220.990000000,8.040135970,220.740000000,68.021323110,221.000000000,347.688063300,220.730000000,117.055794550,221.010000000,463.031783360,220.720000000,154.211211440,221.050000000,3.791485180,220.710000000,222.003489810,221.060000000,79.783309970,220.700000000,7.911000000
2024-11-12T06:50:46.236671Z,220.920000000,17.094419270,220.830000000,8.820000000,220.930000000,135.789616620,220.800000000,8.502365000,220.940000000,0.053108860,220.780000000,0.190189160,220.950000000,7.910000000,220.770000000,154.004583950,220.960000000,2.255391330,220.750000000,32.540000000,220.980000000,114.188000000,220.740000000,68.021323110,220.990000000,8.040135970,220.730000000,117.055794550,221.000000000,347.688063300,220.720000000,154.211211440,221.010000000,463.031783360,220.710000000,222.003489810,221.050000000,3.791485180,220.700000000,7.911000000
2024-11-12T06:50:46.237585Z,220.920000000,17.094419270,220.840000000,45.280357780,220.930000000,135.789616620,220.830000000,8.820000000,220.940000000,0.053108860,220.800000000,8.502365000,220.950000000,7.910000000,220.780000000,0.190189160,220.960000000,2.255391330,220.770000000,154.004583950,220.980000000,114.188000000,220.750000000,32.540000000,220.990000000,8.040135970,220.740000000,68.021323110,221.000000000,347.688063300,220.730000000,117.055794550,221.010000000,463.031783360,220.720000000,154.211211440,221.050000000,3.791485180,220.710000000,222.003489810
2024-11-12T06:50:46.245586Z,220.900000000,45.270439140,220.840000000,45.280357780,220.920000000,17.094419270,220.830000000,8.820000000,220.930000000,135.789616620,220.800000000,8.502365000,220.940000000,0.053108860,220.780000000,0.190189160,220.950000000,7.910000000,220.770000000,154.004583950,220.960000000,2.255391330,220.750000000,32.540000000,220.980000000,114.188000000,220.740000000,68.021323110,220.990000000,8.040135970,220.730000000,117.055794550,221.000000000,347.688063300,220.720000000,154.211211440,221.010000000,463.031783360,220.710000000,222.003489810
2024-11-12T06:50:46.285848Z,220.900000000,45.270439140,220.840000000,45.280357780,220.920000000,17.094419270,220.830000000,8.820000000,220.930000000,135.789616620,220.800000000,8.502365000,220.940000000,0.053108860,220.780000000,0.190189160,220.950000000,7.910000000,220.770000000,154.004583950,220.960000000,2.255391330,220.750000000,32.540000000,220.980000000,114.188000000,220.740000000,68.021323110,220.990000000,8.040135970,220.730000000,117.055794550,221.000000000,365.804887780,220.720000000,154.211211440,221.010000000,463.031783360,220.710000000,222.003489810
2024-11-12T06:50:46.294645Z,220.900000000,45.270439140,220.830000000,8.820000000,220.920000000,17.094419270,220.800000000,8.502365000,220.930000000,135.789616620,220.780000000,0.190189160,220.940000000,0.053108860,220.770000000,154.004583950,220.950000000,7.910000000,220.750000000,32.540000000,220.960000000,2.255391330,220.740000000,68.021323110,220.980000000,114.188000000,220.730000000,117.055794550,220.990000000,8.040135970,220.720000000,154.211211440,221.000000000,365.804887780,220.710000000,222.003489810,221.010000000,463.031783360,220.700000000,7.911000000
2024-11-12T06:50:46.302715Z,220.900000000,45.270439140,220.840000000,45.281651870,220.920000000,17.094419270,220.830000000,8.820000000,220.930000000,135.789616620,220.800000000,8.502365000,220.940000000,0.053108860,220.780000000,0.190189160,220.950000000,7.910000000,220.770000000,154.004583950,220.960000000,2.255391330,220.750000000,32.540000000,220.980000000,114.188000000,220.740000000,68.021323110,220.990000000,8.040135970,220.730000000,117.055794550,221.000000000,365.804887780,220.720000000,154.211211440,221.010000000,463.031783360,220.710000000,222.003489810
2024-11-12T06:50:46.326976Z,220.890000000,0.053108860,220.840000000,45.281651870,220.900000000,45.270439140,220.830000000,8.820000000,220.920000000,17.094419270,220.800000000,8.502365000,220.930000000,135.789616620,220.780000000,0.190189160,220.950000000,7.910000000,220.770000000,154.004583950,220.960000000,2.255391330,220.750000000,32.540000000,220.980000000,114.188000000,220.740000000,68.021323110,220.990000000,8.040135970,220.730000000,117.055794550,221.000000000,365.804887780,220.720000000,154.211211440,221.010000000,463.031783360,220.710000000,222.003489810
2024-11-12T06:50:46.327641Z,220.890000000,0.053108860,220.830000000,8.820000000,220.900000000,45.270439140,220.800000000,8.502365000,220.920000000,17.094419270,220.780000000,0.190189160,220.930000000,135.789616620,220.770000000,154.004583950,220.950000000,7.910000000,220.750000000,32.540000000,220.960000000,2.255391330,220.740000000,68.021323110,220.980000000,114.188000000,220.730000000,117.055794550,220.990000000,8.040135970,220.720000000,154.211211440,221.000000000,365.804887780,220.710000000,222.003489810,221.010000000,463.031783360,220.700000000,7.911000000
2024-11-12T06:50:46.371857Z,220.890000000,0.053108860,220.830000000,8.820000000,220.920000000,17.094419270,220.800000000,8.502365000,220.930000000,135.789616620,220.780000000,0.190189160,220.950000000,7.910000000,220.770000000,154.004583950,220.960000000,2.255391330,220.750000000,32.540000000,220.980000000,114.188000000,220.740000000,68.021323110,220.990000000,8.040135970,220.730000000,117.055794550,221.000000000,365.804887780,220.720000000,154.211211440,221.010000000,463.031783360,220.710000000,222.003489810,221.050000000,3.791485180,220.700000000,7.911000000
2024-11-12T06:50:46.373105Z,220.890000000,0.053108860,220.830000000,8.820000000,220.920000000,17.094419270,220.800000000,8.502365000,220.930000000,135.789616620,220.780000000,0.190189160,220.950000000,7.910000000,220.750000000,32.540000000,220.960000000,2.255391330,220.740000000,68.021323110,220.980000000,114.188000000,220.730000000,117.055794550,220.990000000,8.040135970,220.720000000,154.211211440,221.000000000,365.804887780,220.710000000,222.003489810,221.010000000,463.031783360,220.700000000,7.911000000,221.050000000,3.791485180,220.680000000,578.429741620
2024-11-12T06:50:46.373866Z,220.890000000,0.053108860,220.830000000,8.820000000,220.920000000,17.094419270,220.800000000,8.502365000,220.950000000,7.910000000,220.780000000,0.190189160,220.960000000,2.255391330,220.750000000,32.540000000,220.980000000,114.188000000,220.740000000,68.021323110,220.990000000,8.040135970,220.730000000,117.055794550,221.000000000,365.804887780,220.720000000,154.211211440,221.010000000,463.031783360,220.710000000,222.003489810,221.050000000,3.791485180,220.700000000,7.911000000,221.060000000,79.783309970,220.680000000,578.429741620
2024-11-12T06:50:46.376958Z,220.890000000,0.053108860,220.830000000,8.820000000,220.920000000,17.094419270,220.800000000,8.502365000,220.950000000,7.910000000,220.780000000,0.190189160,220.960000000,2.255391330,220.750000000,33.762379860,220.980000000,114.188000000,220.740000000,68.021323110,220.990000000,8.040135970,220.730000000,117.055794550,221.000000000,365.804887780,220.720000000,154.211211440,221.010000000,463.031783360,220.710000000,222.003489810,221.050000000,3.791485180,220.700000000,7.911000000,221.060000000,79.783309970,220.680000000,578.429741620
2024-11-12T06:50:46.380715Z,220.890000000,0.053108860,220.830000000,8.820000000,220.920000000,62.360740270,220.800000000,8.502365000,220.950000000,7.910000000,220.780000000,0.190189160,220.960000000,2.255391330,220.750000000,33.762379860,220.980000000,114.188000000,220.740000000,68.021323110,220.990000000,8.040135970,220.730000000,117.055794550,221.000000000,365.804887780,220.720000000,154.211211440,221.010000000,463.031783360,220.710000000,222.003489810,221.050000000,3.791485180,220.700000000,7.911000000,221.060000000,79.783309970,220.680000000,578.429741620
2024-11-12T06:50:46.380731Z,220.890000000,0.053108860,220.870000000,45.273756530,220.920000000,62.360740270,220.830000000,8.820000000,220.950000000,7.910000000,220.800000000,8.502365000,220.960000000,2.255391330,220.780000000,0.190189160,220.980000000,114.188000000,220.750000000,33.762379860,220.990000000,8.040135970,220.740000000,68.021323110,221.000000000,365.804887780,220.730000000,117.055794550,221.010000000,463.031783360,220.720000000,154.211211440,221.050000000,3.791485180,220.710000000,222.003489810,221.060000000,79.783309970,220.700000000,7.911000000
2024-11-12T06:50:46.380868Z,220.890000000,0.053108860,220.870000000,45.273756530,220.920000000,107.627150130,220.830000000,8.820000000,220.950000000,7.910000000,220.800000000,8.502365000,220.960000000,2.255391330,220.780000000,0.190189160,220.980000000,114.188000000,220.750000000,33.762379860,220.990000000,8.040135970,220.740000000,68.021323110,221.000000000,365.804887780,220.730000000,117.055794550,221.010000000,463.031783360,220.720000000,154.211211440,221.050000000,3.791485180,220.710000000,222.003489810,221.060000000,79.783309970,220.700000000,7.911000000
2024-11-12T06:50:46.381077Z,220.890000000,0.053108860,220.870000000,45.273756530,220.920000000,107.627150130,220.830000000,8.820000000,220.950000000,7.910000000,220.800000000,162.481505700,220.960000000,2.255391330,220.780000000,0.190189160,220.980000000,114.188000000,220.750000000,33.762379860,220.990000000,8.040135970,220.740000000,68.021323110,221.000000000,365.804887780,220.730000000,117.055794550,221.010000000,463.031783360,220.720000000,154.211211440,221.050000000,3.791485180,220.710000000,222.003489810,221.060000000,79.783309970,220.700000000,7.911000000
2024-11-12T06:50:46.395586Z,220.890000000,0.053108860,220.830000000,8.820000000,220.920000000,107.627150130,220.800000000,162.481505700,220.950000000,7.910000000,220.780000000,0.190189160,220.960000000,2.255391330,220.750000000,33.762379860,220.980000000,114.188000000,220.740000000,68.021323110,220.990000000,8.040135970,220.730000000,117.055794550,221.000000000,365.804887780,220.720000000,154.211211440,221.010000000,463.031783360,220.710000000,222.003489810,221.050000000,3.791485180,220.700000000,7.911000000,221.060000000,79.783309970,220.680000000,578.429741620
2024-11-12T06:50:46.405750Z,220.890000000,0.053108860,220.830000000,8.820000000,220.920000000,107.627150130,220.800000000,162.481505700,220.950000000,143.688005300,220.780000000,0.190189160,220.960000000,2.255391330,220.750000000,33.762379860,220.980000000,114.188000000,220.740000000,68.021323110,220.990000000,8.040135970,220.730000000,117.055794550,221.000000000,365.804887780,220.720000000,154.211211440,221.010000000,463.031783360,220.710000000,222.003489810,221.050000000,3.791485180,220.700000000,7.911000000,221.060000000,79.783309970,220.680000000,578.429741620
2024-11-12T06:50:46.405887Z,220.890000000,0.053108860,220.840000000,99.619634120,220.920000000,107.627150130,220.830000000,8.820000000,220.950000000,143.688005300,220.800000000,162.481505700,220.960000000,2.255391330,220.780000000,0.190189160,220.980000000,114.188000000,220.750000000,33.762379860,220.990000000,8.040135970,220.740000000,68.021323110,221.000000000,365.804887780,220.730000000,117.055794550,221.010000000,463.031783360,220.720000000,154.211211440,221.050000000,3.791485180,220.710000000,222.003489810,221.060000000,79.783309970,220.700000000,7.911000000
2024-11-12T06:50:46.407335Z,220.890000000,0.053108860,220.840000000,99.619634120,220.920000000,62.360740270,220.830000000,8.820000000,220.950000000,143.688005300,220.800000000,162.481505700,220.960000000,2.255391330,220.780000000,0.190189160,220.980000000,114.188000000,220.750000000,33.762379860,220.990000000,8.040135970,220.740000000,68.021323110,221.000000000,365.804887780,220.730000000,117.055794550,221.010000000,463.031783360,220.720000000,154.211211440,221.050000000,3.791485180,220.710000000,222.003489810,221.060000000,79.783309970,220.700000000,7.911000000
2024-11-12T06:50:46.408952Z,220.890000000,0.053108860,220.840000000,99.619634120,220.920000000,17.094419270,220.830000000,8.820000000,220.950000000,143.688005300,220.800000000,162.481505700,220.960000000,2.255391330,220.780000000,0.190189160,220.980000000,114.188000000,220.750000000,33.762379860,220.990000000,8.040135970,220.740000000,68.021323110,221.000000000,365.804887780,220.730000000,117.055794550,221.010000000,463.031783360,220.720000000,154.211211440,221.050000000,3.791485180,220.710000000,222.003489810,221.060000000,79.783309970,220.700000000,7.911000000
2024-11-12T06:50:46.410157Z,220.890000000,0.053108860,220.840000000,99.619634120,220.920000000,17.094419270,220.830000000,8.820000000,220.950000000,143.688005300,220.800000000,162.481505700,220.980000000,114.188000000,220.780000000,0.190189160,220.990000000,8.040135970,220.750000000,33.762379860,221.000000000,365.804887780,220.740000000,68.021323110,221.010000000,463.031783360,220.730000000,117.055794550,221.050000000,3.791485180,220.720000000,154.211211440,221.060000000,79.783309970,220.710000000,222.003489810,221.070000000,0.083462170,220.700000000,7.911000000
2024-11-12T06:50:46.411249Z,220.890000000,0.053108860,220.830000000,8.820000000,220.920000000,17.094419270,220.800000000,162.481505700,220.950000000,143.688005300,220.780000000,0.190189160,220.980000000,114.188000000,220.750000000,33.762379860,220.990000000,8.040135970,220.740000000,68.021323110,221.000000000,365.804887780,220.730000000,117.055794550,221.010000000,463.031783360,220.720000000,154.211211440,221.050000000,3.791485180,220.710000000,222.003489810,221.060000000,79.783309970,220.700000000,7.911000000,221.070000000,0.083462170,220.680000000,578.429741620
2024-11-12T06:50:46.432895Z,220.890000000,0.053108860,220.830000000,8.820000000,220.950000000,143.688005300,220.800000000,162.481505700,220.980000000,114.188000000,220.780000000,0.190189160,220.990000000,8.040135970,220.750000000,33.762379860,221.000000000,365.804887780,220.740000000,68.021323110,221.010000000,463.031783360,220.730000000,117.055794550,221.050000000,3.791485180,220.720000000,154.211211440,221.060000000,79.783309970,220.710000000,222.003489810,221.070000000,0.083462170,220.700000000,7.911000000,221.090000000,452.320396460,220.680000000,578.429741620
2024-11-12T06:50:46.446635Z,220.890000000,0.053108860,220.840000000,45.281651870,220.950000000,143.688005300,220.830000000,8.820000000,220.980000000,114.188000000,220.800000000,162.481505700,220.990000000,8.040135970,220.780000000,0.190189160,221.000000000,365.804887780,220.750000000,33.762379860,221.010000000,463.031783360,220.740000000,68.021323110,221.050000000,3.791485180,220.730000000,117.055794550,221.060000000,79.783309970,220.720000000,154.211211440,221.070000000,0.083462170,220.710000000,222.003489810,221.090000000,452.320396460,220.700000000,7.911000000
2024-11-12T06:50:46.449710Z,220.890000000,0.053108860,220.830000000,8.820000000,220.950000000,143.688005300,220.800000000,162.481505700,220.980000000,114.188000000,220.780000000,0.190189160,220.990000000,8.040135970,220.750000000,33.762379860,221.000000000,365.804887780,220.740000000,68.021323110,221.010000000,463.031783360,220.730000000,117.055794550,221.050000000,3.791485180,220.720000000,154.211211440,221.060000000,79.783309970,220.710000000,222.003489810,221.070000000,0.083462170,220.700000000,7.911000000,221.090000000,452.320396460,220.680000000,578.429741620
2024-11-12T06:50:46.520805Z,220.890000000,0.053108860,220.830000000,8.820000000,220.950000000,135.778005300,220.800000000,162.481505700,220.980000000,114.188000000,220.780000000,0.190189160,220.990000000,8.040135970,220.750000000,33.762379860,221.000000000,365.804887780,220.740000000,68.021323110,221.010000000,463.031783360,220.730000000,117.055794550,221.050000000,3.791485180,220.720000000,154.211211440,221.060000000,79.783309970,220.710000000,222.003489810,221.070000000,0.083462170,220.700000000,7.911000000,221.090000000,452.320396460,220.680000000,578.429741620
2024-11-12T06:50:46.526532Z,220.890000000,0.053108860,220.830000000,8.820000000,220.920000000,45.265309740,220.800000000,162.481505700,220.950000000,135.778005300,220.780000000,0.190189160,220.980000000,114.188000000,220.750000000,33.762379860,220.990000000,8.040135970,220.740000000,68.021323110,221.000000000,365.804887780,220.730000000,117.055794550,221.010000000,463.031783360,220.720000000,154.211211440,221.050000000,3.791485180,220.710000000,222.003489810,221.060000000,79.783309970,220.700000000,7.911000000,221.070000000,0.083462170,220.680000000,578.429741620
2024-11-12T06:50:46.526600Z,220.890000000,0.053108860,220.870000000,45.274400210,220.920000000,45.265309740,220.830000000,8.820000000,220.950000000,135.778005300,220.800000000,162.481505700,220.980000000,114.188000000,220.780000000,0.190189160,220.990000000,8.040135970,220.750000000,33.762379860,221.000000000,365.804887780,220.740000000,68.021323110,221.010000000,463.031783360,220.730000000,117.055794550,221.050000000,3.791485180,220.720000000,154.211211440,221.060000000,79.783309970,220.710000000,222.003489810,221.070000000,0.083462170,220.700000000,7.911000000
2024-11-12T06:50:46.526673Z,220.890000000,0.053108860,220.870000000,45.274400210,220.920000000,45.265309740,220.830000000,8.820000000,220.950000000,135.778005300,220.800000000,162.481505700,220.980000000,340.460708390,220.780000000,0.190189160,220.990000000,8.040135970,220.750000000,33.762379860,221.000000000,365.804887780,220.740000000,68.021323110,221.010000000,463.031783360,220.730000000,117.055794550,221.050000000,3.791485180,220.720000000,154.211211440,221.060000000,79.783309970,220.710000000,222.003489810,221.070000000,0.083462170,220.700000000,7.911000000
2024-11-12T06:50:46.530802Z,220.890000000,0.053108860,220.870000000,45.274400210,220.920000000,45.265309740,220.830000000,8.820000000,220.950000000,135.778005300,220.800000000,162.481505700,220.980000000,340.460708390,220.780000000,0.190189160,220.990000000,8.040135970,220.750000000,33.762379860,221.000000000,365.804887780,220.740000000,68.021323110,221.010000000,10.558559010,220.730000000,117.055794550,221.050000000,3.791485180,220.720000000,154.211211440,221.060000000,79.783309970,220.710000000,222.003489810,221.070000000,0.083462170,220.700000000,7.911000000
2024-11-12T06:50:46.533839Z,220.890000000,0.053108860,220.870000000,45.274400210,220.950000000,135.778005300,220.830000000,8.820000000,220.980000000,340.460708390,220.800000000,162.481505700,220.990000000,8.040135970,220.780000000,0.190189160,221.000000000,365.804887780,220.750000000,33.762379860,221.010000000,10.558559010,220.740000000,68.021323110,221.050000000,3.791485180,220.730000000,117.055794550,221.060000000,79.783309970,220.720000000,154.211211440,221.070000000,0.083462170,220.710000000,222.003489810,221.090000000,452.320396460,220.700000000,7.911000000
2024-11-12T06:50:46.548263Z,220.890000000,0.053108860,220.870000000,45.274400210,220.950000000,135.778005300,220.830000000,8.820000000,220.980000000,340.460708390,220.800000000,8.502365000,220.990000000,8.040135970,220.780000000,0.190189160,221.000000000,365.804887780,220.750000000,33.762379860,221.010000000,10.558559010,220.740000000,68.021323110,221.050000000,3.791485180,220.730000000,117.055794550,221.060000000,79.783309970,220.720000000,154.211211440,221.070000000,0.083462170,220.710000000,222.003489810,221.090000000,452.320396460,220.700000000,7.911000000
2024-11-12T06:50:46.556871Z,220.890000000,0.053108860,220.870000000,45.274400210,220.950000000,135.778005300,220.830000000,8.820000000,220.980000000,340.460708390,220.800000000,8.502365000,220.990000000,8.040135970,220.780000000,0.190189160,221.000000000,365.804887780,220.770000000,10.190044330,221.010000000,10.558559010,220.750000000,33.762379860,221.050000000,3.791485180,220.740000000,68.021323110,221.060000000,79.783309970,220.730000000,117.055794550,221.070000000,0.083462170,220.720000000,154.211211440,221.090000000,452.320396460,220.710000000,222.003489810
2024-11-12T06:50:46.564316Z,220.890000000,0.053108860,220.870000000,45.274400210,220.950000000,135.778005300,220.830000000,8.820000000,220.980000000,340.460708390,220.800000000,8.502365000,220.990000000,8.040135970,220.780000000,0.190189160,221.000000000,365.804887780,220.770000000,10.190044330,221.010000000,10.558559010,220.750000000,33.762379860,221.050000000,3.791485180,220.740000000,68.021323110,221.060000000,2.616861940,220.730000000,117.055794550,221.070000000,0.083462170,220.720000000,154.211211440,221.090000000,452.320396460,220.710000000,222.003489810
2024-11-12T06:50:46.585658Z,220.890000000,0.053108860,220.870000000,45.274400210,220.950000000,135.778005300,220.830000000,8.820000000,220.980000000,340.460708390,220.800000000,8.502365000,220.990000000,8.040135970,220.780000000,222.126699370,221.000000000,365.804887780,220.770000000,10.190044330,221.010000000,10.558559010,220.750000000,33.762379860,221.050000000,3.791485180,220.740000000,68.021323110,221.060000000,2.616861940,220.730000000,117.055794550,221.070000000,0.083462170,220.720000000,154.211211440,221.090000000,452.320396460,220.710000000,222.003489810
2024-11-12T06:50:46.591204Z,220.890000000,0.053108860,220.870000000,45.274400210,220.950000000,135.778005300,220.830000000,8.820000000,220.980000000,340.460708390,220.800000000,8.502365000,220.990000000,8.040135970,220.780000000,222.126699370,221.000000000,365.804887780,220.770000000,10.190044330,221.010000000,10.558559010,220.750000000,33.762379860,221.050000000,3.791485180,220.740000000,57.831278780,221.060000000,2.616861940,220.730000000,117.055794550,221.070000000,0.083462170,220.720000000,154.211211440,221.090000000,452.320396460,220.710000000,222.003489810
2024-11-12T06:50:46.597324Z,220.890000000,0.053108860,220.870000000,45.274400210,220.950000000,135.778005300,220.830000000,8.820000000,220.980000000,340.460708390,220.800000000,8.502365000,220.990000000,8.040135970,220.780000000,222.126699370,221.000000000,331.769084470,220.770000000,10.190044330,221.010000000,10.558559010,220.750000000,33.762379860,221.050000000,3.791485180,220.740000000,57.831278780,221.060000000,2.616861940,220.730000000,117.055794550,221.070000000,0.083462170,220.720000000,154.211211440,221.090000000,452.320396460,220.710000000,222.003489810
2024-11-12T06:50:46.597465Z,220.890000000,0.053108860,220.870000000,45.274400210,220.950000000,135.778005300,220.830000000,8.820000000,220.980000000,340.460708390,220.800000000,8.502365000,220.990000000,8.040135970,220.780000000,222.126699370,221.000000000,331.769084470,220.770000000,10.190044330,221.010000000,10.558559010,220.750000000,33.762379860,221.050000000,37.827288490,220.740000000,57.831278780,221.060000000,2.616861940,220.730000000,117.055794550,221.070000000,0.083462170,220.720000000,154.211211440,221.090000000,452.320396460,220.710000000,222.003489810
2024-11-12T06:50:46.597941Z,220.890000000,0.053108860,220.870000000,45.274400210,220.950000000,135.778005300,220.830000000,8.820000000,220.980000000,340.460708390,220.800000000,8.502365000,220.990000000,8.040135970,220.780000000,222.126699370,221.000000000,313.652259990,220.770000000,10.190044330,221.010000000,10.558559010,220.750000000,33.762379860,221.050000000,37.827288490,220.740000000,57.831278780,221.060000000,2.616861940,220.730000000,117.055794550,221.070000000,0.083462170,220.720000000,154.211211440,221.090000000,452.320396460,220.710000000,222.003489810
2024-11-12T06:50:46.600961Z,220.890000000,0.053108860,220.880000000,77.166448030,220.950000000,135.778005300,220.870000000,45.274400210,220.980000000,340.460708390,220.830000000,8.820000000,220.990000000,8.040135970,220.800000000,8.502365000,221.000000000,313.652259990,220.780000000,222.126699370,221.010000000,10.558559010,220.770000000,10.190044330,221.050000000,37.827288490,220.750000000,33.762379860,221.060000000,2.616861940,220.740000000,57.831278780,221.070000000,0.083462170,220.730000000,117.055794550,221.090000000,452.320396460,220.720000000,154.211211440
2024-11-12T06:50:46.644729Z,220.890000000,0.053108860,220.880000000,77.166448030,220.940000000,45.261689060,220.870000000,45.274400210,220.950000000,135.778005300,220.830000000,8.820000000,220.980000000,340.460708390,220.800000000,8.502365000,220.990000000,8.040135970,220.780000000,222.126699370,221.000000000,313.652259990,220.770000000,10.190044330,221.010000000,10.558559010,220.750000000,33.762379860,221.050000000,37.827288490,220.740000000,57.831278780,221.060000000,2.616861940,220.730000000,117.055794550,221.070000000,0.083462170,220.720000000,154.211211440
2024-11-12T06:50:46.644894Z,220.890000000,0.053108860,220.880000000,122.439899670,220.940000000,45.261689060,220.870000000,45.274400210,220.950000000,135.778005300,220.830000000,8.820000000,220.980000000,340.460708390,220.800000000,8.502365000,220.990000000,8.040135970,220.780000000,222.126699370,221.000000000,313.652259990,220.770000000,10.190044330,221.010000000,10.558559010,220.750000000,33.762379860,221.050000000,37.827288490,220.740000000,57.831278780,221.060000000,2.616861940,220.730000000,117.055794550,221.070000000,0.083462170,220.720000000,154.211211440
2024-11-12T06:50:46.644932Z,220.890000000,0.053108860,220.880000000,122.439899670,220.940000000,45.261689060,220.870000000,45.274400210,220.950000000,135.778005300,220.850000000,99.615123380,220.980000000,340.460708390,220.830000000,8.820000000,220.990000000,8.040135970,220.800000000,8.502365000,221.000000000,313.652259990,220.780000000,222.126699370,221.010000000,10.558559010,220.770000000,10.190044330,221.050000000,37.827288490,220.750000000,33.762379860,221.060000000,2.616861940,220.740000000,57.831278780,221.070000000,0.083462170,220.730000000,117.055794550
2024-11-12T06:50:46.661074Z,220.890000000,0.053108860,220.880000000,122.439899670,220.940000000,53.170689060,220.870000000,45.274400210,220.950000000,135.778005300,220.850000000,99.615123380,220.980000000,340.460708390,220.830000000,8.820000000,220.990000000,8.040135970,220.800000000,8.502365000,221.000000000,313.652259990,220.780000000,222.126699370,221.010000000,10.558559010,220.770000000,10.190044330,221.050000000,37.827288490,220.750000000,33.762379860,221.060000000,2.616861940,220.740000000,57.831278780,221.070000000,0.083462170,220.730000000,117.055794550
2024-11-12T06:50:46.693955Z,220.890000000,0.053108860,220.880000000,122.439899670,220.940000000,53.170689060,220.870000000,45.274400210,220.950000000,135.778005300,220.850000000,99.615123380,220.980000000,340.460708390,220.840000000,153.955951950,220.990000000,8.040135970,220.830000000,8.820000000,221.000000000,313.652259990,220.800000000,8.502365000,221.010000000,10.558559010,220.780000000,222.126699370,221.050000000,37.827288490,220.770000000,10.190044330,221.060000000,2.616861940,220.750000000,33.762379860,221.070000000,0.083462170,220.740000000,57.831278780
2024-11-12T06:50:46.694654Z,220.890000000,0.053108860,220.880000000,122.439899670,220.940000000,7.909000000,220.870000000,45.274400210,220.950000000,135.778005300,220.850000000,99.615123380,220.980000000,340.460708390,220.840000000,153.955951950,220.990000000,8.040135970,220.830000000,8.820000000,221.000000000,313.652259990,220.800000000,8.502365000,221.010000000,10.558559010,220.780000000,222.126699370,221.050000000,37.827288490,220.770000000,10.190044330,221.060000000,2.616861940,220.750000000,33.762379860,221.070000000,0.083462170,220.740000000,57.831278780
2024-11-12T06:50:46.778058Z,220.890000000,0.053108860,220.880000000,122.439899670,220.930000000,45.263285510,220.870000000,45.274400210,220.940000000,7.909000000,220.850000000,99.615123380,220.950000000,135.778005300,220.840000000,153.955951950,220.980000000,340.460708390,220.830000000,8.820000000,220.990000000,8.040135970,220.800000000,8.502365000,221.000000000,313.652259990,220.780000000,222.126699370,221.010000000,10.558559010,220.770000000,10.190044330,221.050000000,37.827288490,220.750000000,33.762379860,221.060000000,2.616861940,220.740000000,57.831278780
2024-11-12T06:50:46.823971Z,220.890000000,0.053108860,220.880000000,122.439899670,220.940000000,7.909000000,220.870000000,45.274400210,220.950000000,135.778005300,220.850000000,99.615123380,220.980000000,340.460708390,220.840000000,153.955951950,220.990000000,8.040135970,220.830000000,8.820000000,221.000000000,313.652259990,220.800000000,8.502365000,221.010000000,10.558559010,220.780000000,222.126699370,221.050000000,37.827288490,220.770000000,10.190044330,221.060000000,2.616861940,220.750000000,33.762379860,221.070000000,0.083462170,220.740000000,57.831278780
2024-11-12T06:50:46.827629Z,220.890000000,0.053108860,220.880000000,122.439899670,220.940000000,7.909000000,220.870000000,45.274400210,220.950000000,181.038175120,220.850000000,99.615123380,220.980000000,340.460708390,220.840000000,153.955951950,220.990000000,8.040135970,220.830000000,8.820000000,221.000000000,313.652259990,220.800000000,8.502365000,221.010000000,10.558559010,220.780000000,222.126699370,221.050000000,37.827288490,220.770000000,10.190044330,221.060000000,2.616861940,220.750000000,33.762379860,221.070000000,0.083462170,220.740000000,57.831278780
2024-11-12T06:50:46.874735Z,220.890000000,0.053108860,220.880000000,122.439899670,220.940000000,7.909000000,220.870000000,45.274400210,220.950000000,135.778005300,220.850000000,99.615123380,220.980000000,340.460708390,220.840000000,153.955951950,220.990000000,8.040135970,220.830000000,8.820000000,221.000000000,313.652259990,220.800000000,8.502365000,221.010000000,10.558559010,220.780000000,222.126699370,221.050000000,37.827288490,220.770000000,10.190044330,221.060000000,2.616861940,220.750000000,33.762379860,221.070000000,0.083462170,220.740000000,57.831278780
2024-11-12T06:50:46.876304Z,220.890000000,0.053108860,220.880000000,122.439899670,220.940000000,7.909000000,220.870000000,45.274400210,220.950000000,135.778005300,220.850000000,99.615123380,220.980000000,340.460708390,220.840000000,153.955951950,220.990000000,8.040135970,220.830000000,8.820000000,221.000000000,313.652259990,220.800000000,8.502365000,221.010000000,10.558559010,220.790000000,0.190180540,221.050000000,37.827288490,220.780000000,221.936510210,221.060000000,2.616861940,220.770000000,10.190044330,221.070000000,0.083462170,220.750000000,33.762379860
2024-11-12T06:50:46.878699Z,220.890000000,0.053108860,220.880000000,122.439899670,220.940000000,53.171076640,220.870000000,45.274400210,220.950000000,135.778005300,220.850000000,99.615123380,220.980000000,340.460708390,220.840000000,153.955951950,220.990000000,8.040135970,220.830000000,8.820000000,221.000000000,313.652259990,220.800000000,8.502365000,221.010000000,10.558559010,220.790000000,0.190180540,221.050000000,37.827288490,220.780000000,221.936510210,221.060000000,2.616861940,220.770000000,10.190044330,221.070000000,0.083462170,220.750000000,33.762379860
2024-11-12T06:50:46.879479Z,220.890000000,0.053108860,220.880000000,122.439899670,220.940000000,53.171076640,220.870000000,45.274400210,220.950000000,135.778005300,220.850000000,99.615123380,220.980000000,340.460708390,220.840000000,153.955951950,220.990000000,8.040135970,220.830000000,8.820000000,221.000000000,313.652259990,220.800000000,8.502365000,221.010000000,10.558559010,220.790000000,0.190180540,221.050000000,37.827288490,220.780000000,221.936510210,221.060000000,2.616861940,220.770000000,10.190044330,221.070000000,0.083462170,220.750000000,32.540000000
2024-11-12T06:50:46.890315Z,220.890000000,0.053108860,220.880000000,122.439899670,220.940000000,53.171076640,220.870000000,45.274400210,220.980000000,340.460708390,220.850000000,99.615123380,220.990000000,8.040135970,220.840000000,153.955951950,221.000000000,313.652259990,220.830000000,8.820000000,221.010000000,10.558559010,220.800000000,8.502365000,221.050000000,37.827288490,220.790000000,0.190180540,221.060000000,2.616861940,220.780000000,221.936510210,221.070000000,0.083462170,220.770000000,10.190044330,221.090000000,452.320396460,220.750000000,32.540000000
2024-11-12T06:50:46.890337Z,220.890000000,0.053108860,220.880000000,122.439899670,220.940000000,53.171076640,220.870000000,45.274400210,220.980000000,114.188000000,220.850000000,99.615123380,220.990000000,8.040135970,220.840000000,153.955951950,221.000000000,313.652259990,220.830000000,8.820000000,221.010000000,10.558559010,220.800000000,8.502365000,221.050000000,37.827288490,220.790000000,0.190180540,221.060000000,2.616861940,220.780000000,221.936510210,221.070000000,0.083462170,220.770000000,10.190044330,221.090000000,452.320396460,220.750000000,32.540000000
2024-11-12T06:50:46.890399Z,220.890000000,0.053108860,220.880000000,122.439899670,220.940000000,7.909000000,220.870000000,45.274400210,220.980000000,114.188000000,220.850000000,99.615123380,220.990000000,8.040135970,220.840000000,153.955951950,221.000000000,313.652259990,220.830000000,8.820000000,221.010000000,10.558559010,220.800000000,8.502365000,221.050000000,37.827288490,220.790000000,0.190180540,221.060000000,2.616861940,220.780000000,221.936510210,221.070000000,0.083462170,220.770000000,10.190044330,221.090000000,452.320396460,220.750000000,32.540000000
2024-11-12T06:50:46.899337Z,220.890000000,0.053108860,220.880000000,122.439899670,220.940000000,7.909000000,220.870000000,45.274400210,220.980000000,114.188000000,220.850000000,99.615123380,220.990000000,8.040135970,220.840000000,153.955951950,221.000000000,449.404042400,220.830000000,8.820000000,221.010000000,10.558559010,220.800000000,8.502365000,221.050000000,37.827288490,220.790000000,0.190180540,221.060000000,2.616861940,220.780000000,221.936510210,221.070000000,0.083462170,220.770000000,10.190044330,221.090000000,452.320396460,220.750000000,32.540000000
2024-11-12T06:50:46.899546Z,220.890000000,0.053108860,220.880000000,122.439899670,220.940000000,7.909000000,220.870000000,45.274400210,220.980000000,114.188000000,220.850000000,99.615123380,220.990000000,8.040135970,220.840000000,153.955951950,221.000000000,449.404042400,220.830000000,8.820000000,221.010000000,10.558559010,220.800000000,8.502365000,221.030000000,226.220537050,220.790000000,0.190180540,221.050000000,37.827288490,220.780000000,221.936510210,221.060000000,2.616861940,220.770000000,10.190044330,221.070000000,0.083462170,220.750000000,32.540000000
2024-11-12T06:50:46.908646Z,220.890000000,0.053108860,220.880000000,122.439899670,220.940000000,7.909000000,220.870000000,45.274400210,220.980000000,114.188000000,220.850000000,99.615123380,220.990000000,8.040135970,220.840000000,162.458316950,221.000000000,449.404042400,220.830000000,8.820000000,221.010000000,10.558559010,220.800000000,8.502365000,221.030000000,226.220537050,220.790000000,0.190180540,221.050000000,37.827288490,220.780000000,221.936510210,221.060000000,2.616861940,220.770000000,10.190044330,221.070000000,0.083462170,220.750000000,32.540000000
2024-11-12T06:50:46.917748Z,220.890000000,0.053108860,220.880000000,122.439899670,220.940000000,7.909000000,220.870000000,45.274400210,220.980000000,114.188000000,220.850000000,99.615123380,220.990000000,8.040135970,220.840000000,162.458316950,221.000000000,449.404042400,220.830000000,8.820000000,221.010000000,0.368514680,220.800000000,8.502365000,221.030000000,226.220537050,220.790000000,0.190180540,221.050000000,37.827288490,220.780000000,221.936510210,221.060000000,2.616861940,220.770000000,10.190044330,221.070000000,0.083462170,220.750000000,32.540000000
2024-11-12T06:50:46.921068Z,220.890000000,0.053108860,220.880000000,122.439899670,220.980000000,114.188000000,220.870000000,45.274400210,220.990000000,8.040135970,220.850000000,99.615123380,221.000000000,449.404042400,220.840000000,162.458316950,221.010000000,0.368514680,220.830000000,8.820000000,221.030000000,226.220537050,220.800000000,8.502365000,221.050000000,37.827288490,220.790000000,0.190180540,221.060000000,2.616861940,220.780000000,221.936510210,221.070000000,0.083462170,220.770000000,10.190044330,221.090000000,452.320396460,220.750000000,32.540000000
2024-11-12T06:50:46.937518Z,220.970000000,0.053108860,220.880000000,122.439899670,220.980000000,114.188000000,220.870000000,45.274400210,220.990000000,8.040135970,220.850000000,99.615123380,221.000000000,449.404042400,220.840000000,162.458316950,221.010000000,0.368514680,220.830000000,8.820000000,221.030000000,226.220537050,220.800000000,8.502365000,221.050000000,37.827288490,220.790000000,0.190180540,221.060000000,2.616861940,220.780000000,221.936510210,221.070000000,0.083462170,220.770000000,10.190044330,221.090000000,452.320396460,220.750000000,32.540000000
2024-11-12T06:50:46.937676Z,220.970000000,0.053108860,220.880000000,122.439899670,220.980000000,114.188000000,220.870000000,45.274400210,220.990000000,8.040135970,220.850000000,99.615123380,221.000000000,449.404042400,220.840000000,162.458316950,221.010000000,0.368514680,220.830000000,8.820000000,221.020000000,18.115135750,220.800000000,8.502365000,221.030000000,226.220537050,220.790000000,0.190180540,221.050000000,37.827288490,220.780000000,221.936510210,221.060000000,2.616861940,220.770000000,10.190044330,221.070000000,0.083462170,220.750000000,32.540000000
2024-11-12T06:50:46.951920Z,220.970000000,0.053108860,220.880000000,77.166448030,220.980000000,114.188000000,220.870000000,45.274400210,220.990000000,8.040135970,220.850000000,99.615123380,221.000000000,449.404042400,220.840000000,162.458316950,221.010000000,0.368514680,220.830000000,8.820000000,221.020000000,18.115135750,220.800000000,8.502365000,221.030000000,226.220537050,220.790000000,0.190180540,221.050000000,37.827288490,220.780000000,221.936510210,221.060000000,2.616861940,220.770000000,10.190044330,221.070000000,0.083462170,220.750000000,32.540000000
2024-11-12T06:50:46.951990Z,220.970000000,0.053108860,220.880000000,77.166448030,220.980000000,114.188000000,220.850000000,99.615123380,220.990000000,8.040135970,220.840000000,162.458316950,221.000000000,449.404042400,220.830000000,8.820000000,221.010000000,0.368514680,220.800000000,8.502365000,221.020000000,18.115135750,220.790000000,0.190180540,221.030000000,226.220537050,220.780000000,221.936510210,221.050000000,37.827288490,220.770000000,10.190044330,221.060000000,2.616861940,220.750000000,32.540000000,221.070000000,0.083462170,220.740000000,57.831278780
2024-11-12T06:50:46.952021Z,220.970000000,0.053108860,220.880000000,77.166448030,220.980000000,114.188000000,220.840000000,162.458316950,220.990000000,8.040135970,220.830000000,8.820000000,221.000000000,449.404042400,220.800000000,8.502365000,221.010000000,0.368514680,220.790000000,0.190180540,221.020000000,18.115135750,220.780000000,221.936510210,221.030000000,226.220537050,220.770000000,10.190044330,221.050000000,37.827288490,220.750000000,32.540000000,221.060000000,2.616861940,220.740000000,57.831278780,221.070000000,0.083462170,220.730000000,117.055794550
2024-11-12T06:50:46.956816Z,220.970000000,0.053108860,220.880000000,77.166448030,220.980000000,114.188000000,220.840000000,162.458316950,220.990000000,8.040135970,220.830000000,8.820000000,221.000000000,449.404042400,220.820000000,10.190044330,221.010000000,0.368514680,220.800000000,8.502365000,221.020000000,18.115135750,220.790000000,0.190180540,221.030000000,226.220537050,220.780000000,221.936510210,221.050000000,37.827288490,220.770000000,10.190044330,221.060000000,2.616861940,220.750000000,32.540000000,221.070000000,0.083462170,220.740000000,57.831278780
2024-11-12T06:50:46.957353Z,220.970000000,0.053108860,220.920000000,45.265200640,220.980000000,114.188000000,220.880000000,77.166448030,220.990000000,8.040135970,220.840000000,162.458316950,221.000000000,449.404042400,220.830000000,8.820000000,221.010000000,0.368514680,220.820000000,10.190044330,221.020000000,18.115135750,220.800000000,8.502365000,221.030000000,226.220537050,220.790000000,0.190180540,221.050000000,37.827288490,220.780000000,221.936510210,221.060000000,2.616861940,220.770000000,10.190044330,221.070000000,0.083462170,220.750000000,32.540000000
2024-11-12T06:50:46.957448Z,220.970000000,0.053108860,220.920000000,90.528690760,220.980000000,114.188000000,220.880000000,77.166448030,220.990000000,8.040135970,220.840000000,162.458316950,221.000000000,449.404042400,220.830000000,8.820000000,221.010000000,0.368514680,220.820000000,10.190044330,221.020000000,18.115135750,220.800000000,8.502365000,221.030000000,226.220537050,220.790000000,0.190180540,221.050000000,37.827288490,220.780000000,221.936510210,221.060000000,2.616861940,220.770000000,10.190044330,221.070000000,0.083462170,220.750000000,32.540000000
2024-11-12T06:50:46.957522Z,220.970000000,0.053108860,220.920000000,90.528690760,220.980000000,114.188000000,220.900000000,99.591964060,220.990000000,8.040135970,220.880000000,77.166448030,221.000000000,449.404042400,220.840000000,162.458316950,221.010000000,0.368514680,220.830000000,8.820000000,221.020000000,18.115135750,220.820000000,10.190044330,221.030000000,226.220537050,220.800000000,8.502365000,221.050000000,37.827288490,220.790000000,0.190180540,221.060000000,2.616861940,220.780000000,221.936510210,221.070000000,0.083462170,220.770000000,10.190044330
2024-11-12T06:50:46.962710Z,220.970000000,0.053108860,220.920000000,45.263490120,220.980000000,114.188000000,220.900000000,99.591964060,220.990000000,8.040135970,220.880000000,77.166448030,221.000000000,449.404042400,220.840000000,162.458316950,221.010000000,0.368514680,220.830000000,8.820000000,221.020000000,18.115135750,220.820000000,10.190044330,221.030000000,226.220537050,220.800000000,8.502365000,221.050000000,37.827288490,220.790000000,0.190180540,221.060000000,2.616861940,220.780000000,221.936510210,221.070000000,0.083462170,220.770000000,10.190044330
2024-11-12T06:50:46.962862Z,220.970000000,0.053108860,220.900000000,99.591964060,220.980000000,114.188000000,220.880000000,77.166448030,220.990000000,8.040135970,220.840000000,162.458316950,221.000000000,449.404042400,220.830000000,8.820000000,221.010000000,0.368514680,220.820000000,10.190044330,221.020000000,18.115135750,220.800000000,8.502365000,221.030000000,226.220537050,220.790000000,0.190180540,221.050000000,37.827288490,220.780000000,221.936510210,221.060000000,2.616861940,220.770000000,10.190044330,221.070000000,0.083462170,220.750000000,32.540000000
2024-11-12T06:50:46.964726Z,220.930000000,0.053108860,220.900000000,99.591964060,220.980000000,114.188000000,220.880000000,77.166448030,220.990000000,8.040135970,220.840000000,162.458316950,221.000000000,449.404042400,220.830000000,8.820000000,221.010000000,0.368514680,220.820000000,10.190044330,221.020000000,18.115135750,220.800000000,8.502365000,221.030000000,226.220537050,220.790000000,0.190180540,221.050000000,37.827288490,220.780000000,221.936510210,221.060000000,2.616861940,220.770000000,10.190044330,221.070000000,0.083462170,220.750000000,32.540000000
2024-11-12T06:50:46.973925Z,220.970000000,0.053108860,220.900000000,99.591964060,220.980000000,114.188000000,220.880000000,77.166448030,220.990000000,8.040135970,220.840000000,162.458316950,221.000000000,449.404042400,220.830000000,8.820000000,221.010000000,0.368514680,220.820000000,10.190044330,221.020000000,18.115135750,220.800000000,8.502365000,221.030000000,226.220537050,220.790000000,0.190180540,221.050000000,37.827288490,220.780000000,221.936510210,221.060000000,2.616861940,220.770000000,10.190044330,221.070000000,0.083462170,220.750000000,32.540000000
2024-11-12T06:50:46.979816Z,220.970000000,0.053108860,220.900000000,99.591964060,220.980000000,159.442106790,220.880000000,77.166448030,220.990000000,8.040135970,220.840000000,162.458316950,221.000000000,449.404042400,220.830000000,8.820000000,221.010000000,0.368514680,220.820000000,10.190044330,221.020000000,18.115135750,220.800000000,8.502365000,221.030000000,226.220537050,220.790000000,0.190180540,221.050000000,37.827288490,220.780000000,221.936510210,221.060000000,2.616861940,220.770000000,10.190044330,221.070000000,0.083462170,220.750000000,32.540000000
2024-11-12T06:50:46.995127Z,220.970000000,0.053108860,220.900000000,99.591964060,220.980000000,159.442106790,220.880000000,77.166448030,220.990000000,4.318000000,220.840000000,162.458316950,221.000000000,449.404042400,220.830000000,8.820000000,221.010000000,0.368514680,220.820000000,10.190044330,221.020000000,18.115135750,220.800000000,8.502365000,221.030000000,226.220537050,220.790000000,0.190180540,221.050000000,37.827288490,220.780000000,221.936510210,221.060000000,2.616861940,220.770000000,10.190044330,221.070000000,0.083462170,220.750000000,32.540000000
2024-11-12T06:50:46.997160Z,220.970000000,0.053108860,220.900000000,99.591964060,220.980000000,159.442106790,220.880000000,77.166448030,220.990000000,4.318000000,220.840000000,162.458316950,221.000000000,449.404042400,220.830000000,8.820000000,221.010000000,0.368514680,220.820000000,10.190044330,221.020000000,18.115135750,220.800000000,8.502365000,221.030000000,226.220537050,220.790000000,0.190180540,221.050000000,3.791485180,220.780000000,221.936510210,221.060000000,2.616861940,220.770000000,10.190044330,221.070000000,0.083462170,220.750000000,32.540000000
2024-11-12T06:50:46.997474Z,220.970000000,0.053108860,220.900000000,99.591964060,220.980000000,159.442106790,220.880000000,77.166448030,220.990000000,4.318000000,220.840000000,162.458316950,221.000000000,449.404042400,220.830000000,8.820000000,221.010000000,0.368514680,220.820000000,10.190044330,221.020000000,18.115135750,220.800000000,8.502365000,221.030000000,226.220537050,220.790000000,0.190180540,221.050000000,3.791485180,220.780000000,221.936510210,221.060000000,2.616861940,220.770000000,10.190044330,221.070000000,0.083462170,220.750000000,66.575803310
2024-11-12T06:50:46.999150Z,220.970000000,0.053108860,220.900000000,99.591964060,220.980000000,159.442106790,220.880000000,77.166448030,220.990000000,4.318000000,220.840000000,162.458316950,221.000000000,449.404042400,220.830000000,8.820000000,221.010000000,0.368514680,220.820000000,10.190044330,221.020000000,18.115135750,220.800000000,8.502365000,221.030000000,226.220537050,220.790000000,0.190180540,221.050000000,3.791485180,220.780000000,221.936510210,221.060000000,2.616861940,220.750000000,66.575803310,221.070000000,0.083462170,220.740000000,57.831278780
2024-11-12T06:50:47.011904Z,220.970000000,0.053108860,220.900000000,99.591964060,220.980000000,159.442106790,220.880000000,77.166448030,220.990000000,4.318000000,220.840000000,162.458316950,221.000000000,449.404042400,220.830000000,8.820000000,221.010000000,0.368514680,220.820000000,10.190044330,221.020000000,18.115135750,220.790000000,0.190180540,221.030000000,226.220537050,220.780000000,221.936510210,221.050000000,3.791485180,220.750000000,66.575803310,221.060000000,2.616861940,220.740000000,57.831278780,221.070000000,0.083462170,220.730000000,117.055794550
2024-11-12T06:50:47.019746Z,220.970000000,0.053108860,220.900000000,99.591964060,220.980000000,167.351106790,220.880000000,77.166448030,220.990000000,4.318000000,220.840000000,162.458316950,221.000000000,449.404042400,220.830000000,8.820000000,221.010000000,0.368514680,220.820000000,10.190044330,221.020000000,18.115135750,220.790000000,0.190180540,221.030000000,226.220537050,220.780000000,221.936510210,221.050000000,3.791485180,220.750000000,66.575803310,221.060000000,2.616861940,220.740000000,57.831278780,221.070000000,0.083462170,220.730000000,117.055794550
2024-11-12T06:50:47.022759Z,220.970000000,0.053108860,220.900000000,99.591964060,220.980000000,122.097000000,220.880000000,77.166448030,220.990000000,4.318000000,220.840000000,162.458316950,221.000000000,449.404042400,220.830000000,8.820000000,221.010000000,0.368514680,220.820000000,10.190044330,221.020000000,18.115135750,220.790000000,0.190180540,221.030000000,226.220537050,220.780000000,221.936510210,221.050000000,3.791485180,220.750000000,66.575803310,221.060000000,2.616861940,220.740000000,57.831278780,221.070000000,0.083462170,220.730000000,117.055794550
2024-11-12T06:50:47.034321Z,220.910000000,0.053108860,220.900000000,99.591964060,220.980000000,122.097000000,220.880000000,77.166448030,220.990000000,4.318000000,220.840000000,162.458316950,221.000000000,449.404042400,220.830000000,8.820000000,221.010000000,0.368514680,220.820000000,10.190044330,221.020000000,18.115135750,220.790000000,0.190180540,221.030000000,226.220537050,220.780000000,221.936510210,221.050000000,3.791485180,220.750000000,66.575803310,221.060000000,2.616861940,220.740000000,57.831278780,221.070000000,0.083462170,220.730000000,117.055794550
2024-11-12T06:50:47.046622Z,220.910000000,0.053108860,220.900000000,99.591964060,220.980000000,122.097000000,220.880000000,77.166448030,220.990000000,4.318000000,220.840000000,162.458316950,221.000000000,449.404042400,220.830000000,8.820000000,221.010000000,0.368514680,220.820000000,10.190044330,221.020000000,18.115135750,220.790000000,0.190180540,221.030000000,226.220537050,220.780000000,221.936510210,221.050000000,3.791485180,220.750000000,66.575803310,221.060000000,2.616861940,220.740000000,55.536823920,221.070000000,0.083462170,220.730000000,117.055794550
2024-11-12T06:50:47.046922Z,220.910000000,0.053108860,220.900000000,99.591964060,220.980000000,122.097000000,220.880000000,77.166448030,220.990000000,4.318000000,220.840000000,162.458316950,221.000000000,449.404042400,220.830000000,8.820000000,221.010000000,2.585233120,220.820000000,10.190044330,221.020000000,18.115135750,220.790000000,0.190180540,221.030000000,226.220537050,220.780000000,221.936510210,221.050000000,3.791485180,220.750000000,66.575803310,221.060000000,2.616861940,220.740000000,55.536823920,221.070000000,0.083462170,220.730000000,117.055794550
2024-11-12T06:50:47.063264Z,220.910000000,0.053108860,220.900000000,144.861316700,220.980000000,122.097000000,220.880000000,77.166448030,220.990000000,4.318000000,220.840000000,162.458316950,221.000000000,449.404042400,220.830000000,8.820000000,221.010000000,2.585233120,220.820000000,10.190044330,221.020000000,18.115135750,220.790000000,0.190180540,221.030000000,226.220537050,220.780000000,221.936510210,221.050000000,3.791485180,220.750000000,66.575803310,221.060000000,2.616861940,220.740000000,55.536823920,221.070000000,0.083462170,220.730000000,117.055794550
2024-11-12T06:50:47.063300Z,220.910000000,0.053108860,220.900000000,144.861316700,220.980000000,122.097000000,220.890000000,45.270208010,220.990000000,4.318000000,220.880000000,77.166448030,221.000000000,449.404042400,220.840000000,162.458316950,221.010000000,2.585233120,220.830000000,8.820000000,221.020000000,18.115135750,220.820000000,10.190044330,221.030000000,226.220537050,220.790000000,0.190180540,221.050000000,3.791485180,220.780000000,221.936510210,221.060000000,2.616861940,220.750000000,66.575803310,221.070000000,0.083462170,220.740000000,55.536823920
2024-11-12T06:50:47.090699Z,220.910000000,0.053108860,220.900000000,144.861316700,220.970000000,45.256325350,220.890000000,45.270208010,220.980000000,122.097000000,220.880000000,77.166448030,220.990000000,4.318000000,220.840000000,162.458316950,221.000000000,449.404042400,220.830000000,8.820000000,221.010000000,2.585233120,220.820000000,10.190044330,221.020000000,18.115135750,220.790000000,0.190180540,221.030000000,226.220537050,220.780000000,221.936510210,221.050000000,3.791485180,220.750000000,66.575803310,221.060000000,2.616861940,220.740000000,55.536823920
2024-11-12T06:50:47.174062Z,220.910000000,0.053108860,220.900000000,144.861316700,220.970000000,45.256325350,220.890000000,45.270208010,220.980000000,122.097000000,220.880000000,77.166448030,220.990000000,4.318000000,220.840000000,162.458316950,221.000000000,449.404042400,220.830000000,8.820000000,221.010000000,0.368514680,220.820000000,10.190044330,221.020000000,18.115135750,220.790000000,0.190180540,221.030000000,226.220537050,220.780000000,221.936510210,221.050000000,3.791485180,220.750000000,66.575803310,221.060000000,2.616861940,220.740000000,55.536823920
2024-11-12T06:50:47.191597Z,220.910000000,0.053108860,220.900000000,144.861316700,220.970000000,45.256325350,220.890000000,45.270208010,220.980000000,122.097000000,220.880000000,77.166448030,220.990000000,4.318000000,220.840000000,162.458316950,221.000000000,449.404042400,220.830000000,8.820000000,221.010000000,0.368514680,220.820000000,10.190044330,221.030000000,226.220537050,220.790000000,0.190180540,221.050000000,3.791485180,220.780000000,221.936510210,221.060000000,2.616861940,220.750000000,66.575803310,221.070000000,0.083462170,220.740000000,55.536823920
2024-11-12T06:50:47.194680Z,220.910000000,0.053108860,220.900000000,144.861316700,220.970000000,45.256325350,220.890000000,45.270208010,220.980000000,167.350896870,220.880000000,77.166448030,220.990000000,4.318000000,220.840000000,162.458316950,221.000000000,449.404042400,220.830000000,8.820000000,221.010000000,0.368514680,220.820000000,10.190044330,221.030000000,226.220537050,220.790000000,0.190180540,221.050000000,3.791485180,220.780000000,221.936510210,221.060000000,2.616861940,220.750000000,66.575803310,221.070000000,0.083462170,220.740000000,55.536823920
2024-11-12T06:50:47.195994Z,220.910000000,0.053108860,220.900000000,144.861316700,220.980000000,167.350896870,220.890000000,45.270208010,220.990000000,4.318000000,220.880000000,77.166448030,221.000000000,449.404042400,220.840000000,162.458316950,221.010000000,0.368514680,220.830000000,8.820000000,221.030000000,226.220537050,220.820000000,10.190044330,221.050000000,3.791485180,220.790000000,0.190180540,221.060000000,2.616861940,220.780000000,221.936510210,221.070000000,0.083462170,220.750000000,66.575803310,221.090000000,486.356199770,220.740000000,55.536823920
