side,ts_event,ts_recv,price,size,action,order_id,symbol
a,2024-11-12T06:50:46.220749548Z,2024-11-11 23:50:45.865131,3390.73,5.9,delete,OXCGI5-W6TVW-ODR4DR,ETH/USD
a,2024-11-12T06:50:45.864837070Z,2024-11-11 23:50:45.866015,3390.38,0.0087801,delete,OQS3QQ-M7SGB-VFEJNZ,ETH/USD
a,2024-11-12T06:50:45.780049704Z,2024-11-11 23:50:45.866015,3391.7,73.70939275,add,OG3Q4D-F4KP4-OIMQA5,ETH/USD
a,2024-11-12T06:50:46.221290961Z,2024-11-11 23:50:45.866211,3389.43,0.0087801,add,OQS3QQ-M7SGB-VFEJNZ,ETH/USD
b,2024-11-12T06:50:46.221904856Z,2024-11-11 23:50:45.969174,0.399488,2193.75,delete,O7OGKI-V2XSX-4CYNQ3,DOGE/USD
b,2024-11-12T06:50:38.769275645Z,2024-11-11 23:50:45.969174,0.3992896,2193.75,add,OODG5K-6F5JX-YGV4UK,DOGE/USD
a,2024-11-12T06:50:46.221913273Z,2024-11-11 23:50:45.969375,0.3996072,2193.75,add,OJYQD5-K2ZRN-RZAJEZ,DOGE/USD
a,2024-11-12T06:50:46.221925137Z,2024-11-11 23:50:45.969988,0.399593,2193.75,add,OZHCFZ-N4NL4-BXWJGJ,DOGE/USD
a,2024-11-12T06:50:46.224704943Z,2024-11-11 23:50:45.970168,0.3996478,15997.1425615,add,OHU5BC-LZCXB-UJQXBY,DOGE/USD
a,2024-11-12T06:50:46.225283882Z,2024-11-11 23:50:45.970376,3390.39,2.7,delete,O6MSST-WAIM7-ZH54B3,ETH/USD
a,2024-11-12T06:50:44.537436069Z,2024-11-11 23:50:45.970376,3391.72,2.7,add,ONVWKG-5DCC4-ROKTA2,ETH/USD
b,2024-11-12T06:50:46.225384456Z,2024-11-11 23:50:45.970585,0.3994459,2193.75,delete,OTUEFT-M4I5Z-N7Q3LW,DOGE/USD
b,2024-11-12T06:50:38.856903576Z,2024-11-11 23:50:45.970585,0.3991438,18820.66417788,add,O5OXNA-UI4SJ-D22HXM,DOGE/USD
b,2024-11-12T06:50:46.225397162Z,2024-11-11 23:50:45.970810,0.3994859,10855.05745384,delete,OLSYL7-EDD2W-56XWAD,DOGE/USD
b,2024-11-12T06:50:44.756120998Z,2024-11-11 23:50:45.970810,0.3991296,2193.75,add,OXB26X-5O54N-JA3ZAW,DOGE/USD
a,2024-11-12T06:50:46.225460984Z,2024-11-11 23:50:45.971017,3390.69,0.72912968,delete,OOFMCD-AUSSS-BR7HBX,ETH/USD
a,2024-11-12T06:50:44.645640795Z,2024-11-11 23:50:45.971017,3391.96,1.32379775,add,OLVIAT-2AJU6-YM7UHR,ETH/USD
a,2024-11-12T06:50:46.226609849Z,2024-11-11 23:50:45.971185,220.93,45.26320554,delete,ONI4ZC-QBOJR-ZWSAIW,SOL/USD
b,2024-11-12T06:50:46.226761069Z,2024-11-11 23:50:45.971388,220.79,99.64016254,delete,ONGU7N-IPEMG-MEHBSX,SOL/USD
b,2024-11-12T06:50:42.621065465Z,2024-11-11 23:50:45.971388,220.7,7.911,add,OMHDQP-K2N5J-3S2JHU,SOL/USD
a,2024-11-12T06:50:44.713903980Z,2024-11-11 23:50:45.971594,89743.1,0.01147803,delete,OMOLGE-N7VR4-6S2FFO,BTC/USD
a,2024-11-12T06:50:46.193013403Z,2024-11-11 23:50:45.971594,89748.9,5.57110437,add,OLPDNR-QX2IM-GY2AP7,BTC/USD
a,2024-11-12T06:50:46.226928600Z,2024-11-11 23:50:45.971772,89742.9,0.01147803,add,OMOLGE-N7VR4-6S2FFO,BTC/USD
a,2024-11-12T06:50:46.227005547Z,2024-11-11 23:50:45.971938,220.93,226.32513399,delete,OAQKJO-NRFM6-YYSD5C,SOL/USD
a,2024-11-12T06:50:46.227796982Z,2024-11-11 23:50:45.972140,89747.9,2.78558123,delete,O5JNVL-CFKUA-YB7JEO,BTC/USD
a,2024-11-12T06:50:46.193013403Z,2024-11-11 23:50:45.972140,89748.9,5.57110437,add,OLPDNR-QX2IM-GY2AP7,BTC/USD
a,2024-11-12T06:50:46.229022679Z,2024-11-11 23:50:45.972353,0.3996478,15997.1425615,delete,OHU5BC-LZCXB-UJQXBY,DOGE/USD
a,2024-11-12T06:50:46.152841373Z,2024-11-11 23:50:45.972353,0.3998453,85989.33019149,add,OLIGE7-MEWSL-ERPVW3,DOGE/USD
a,2024-11-12T06:50:46.229321659Z,2024-11-11 23:50:45.972620,0.3996072,2193.75,delete,OJYQD5-K2ZRN-RZAJEZ,DOGE/USD
a,2024-11-12T06:50:46.161687967Z,2024-11-11 23:50:45.972620,0.3998767,2193.75,add,OETGEC-PG5JO-KMK3AO,DOGE/USD
b,2024-11-12T06:50:46.229622007Z,2024-11-11 23:50:45.972793,0.3994895,2193.75,add,OCXREN-HZLVO-CDDVOV,DOGE/USD
a,2024-11-12T06:50:46.230834995Z,2024-11-11 23:50:45.973003,0.399593,2193.75,delete,OZHCFZ-N4NL4-BXWJGJ,DOGE/USD
a,2024-11-12T06:50:46.127793833Z,2024-11-11 23:50:45.973003,0.3999166,7433.0,add,ODGH7Y-SVRJT-OF2X5P,DOGE/USD
a,2024-11-12T06:50:46.232424341Z,2024-11-11 23:50:45.973255,89741.9,0.48,delete,O3UYLL-4N5IQ-D5T6TZ,BTC/USD
a,2024-11-12T06:50:46.210385589Z,2024-11-11 23:50:45.973255,89750.2,0.00556897,add,OZP3L7-JFB7B-RTIBHU,BTC/USD
b,2024-11-12T06:50:46.232611156Z,2024-11-11 23:50:45.973484,0.3994725,10471.02088957,add,OABIK5-5HDPL-OID3B4,DOGE/USD
a,2024-11-12T06:50:46.233618308Z,2024-11-11 23:50:45.973672,0.3996293,2193.75,add,O2JI2X-MIFNE-HENJLB,DOGE/USD
a,2024-11-12T06:50:46.233790756Z,2024-11-11 23:50:45.973846,0.3996279,2193.75,add,OVJEQK-BSGQ5-5U7Z5G,DOGE/USD
a,2024-11-12T06:50:46.234666938Z,2024-11-11 23:50:45.974188,0.3996492,15997.08690738,delete,OT27GB-C3RT3-74GSMD,DOGE/USD
a,2024-11-12T06:50:46.161687967Z,2024-11-11 23:50:45.974188,0.3998767,2193.75,add,OETGEC-PG5JO-KMK3AO,DOGE/USD
a,2024-11-12T06:50:46.236350940Z,2024-11-11 23:50:45.974420,0.3996279,2193.75,add,OJIE2L-OAQTB-WM3UW3,DOGE/USD
a,2024-11-12T06:50:46.236513652Z,2024-11-11 23:50:45.974708,0.3996293,2193.75,delete,O2JI2X-MIFNE-HENJLB,DOGE/USD
a,2024-11-12T06:50:46.127793833Z,2024-11-11 23:50:45.974708,0.3999166,7433.0,add,ODGH7Y-SVRJT-OF2X5P,DOGE/USD
a,2024-11-12T06:50:46.236671390Z,2024-11-11 23:50:45.974937,220.92,17.09441927,add,OV66Z6-F4E24-3SSR5N,SOL/USD
b,2024-11-12T06:50:46.237585581Z,2024-11-11 23:50:45.975160,220.84,45.28035778,add,OL3RYP-RWXV4-Y7BWYK,SOL/USD
a,2024-11-12T06:50:46.237633871Z,2024-11-11 23:50:45.975367,0.3996757,9936.0108937,add,OFMGHX-PJGP2-7QGBYK,DOGE/USD
b,2024-11-12T06:50:46.239589260Z,2024-11-11 23:50:45.975583,0.3994725,10471.02088957,delete,OABIK5-5HDPL-OID3B4,DOGE/USD
b,2024-11-12T06:50:38.856903576Z,2024-11-11 23:50:45.975583,0.3991438,18820.66417788,add,O5OXNA-UI4SJ-D22HXM,DOGE/USD
a,2024-11-12T06:50:46.239814217Z,2024-11-11 23:50:45.975865,3391.24,0.43037043,delete,ONB4LC-O6JQM-GEGTTD,ETH/USD
a,2024-11-12T06:50:45.037276713Z,2024-11-11 23:50:45.975865,3392.49,1.472,add,OFPWIZ-FNSMP-DUH5BO,ETH/USD
a,2024-11-12T06:50:45.039269800Z,2024-11-11 23:50:45.975865,3392.49,2.956,add,OZ73BX-QCKBR-OLLTFD,ETH/USD
b,2024-11-12T06:50:46.240143305Z,2024-11-11 23:50:45.976125,0.3994895,2193.75,delete,OCXREN-HZLVO-CDDVOV,DOGE/USD
b,2024-11-12T06:50:44.756120998Z,2024-11-11 23:50:45.976125,0.3991296,2193.75,add,OXB26X-5O54N-JA3ZAW,DOGE/USD
a,2024-11-12T06:50:46.240547033Z,2024-11-11 23:50:45.976344,0.3996757,9936.0108937,delete,OFMGHX-PJGP2-7QGBYK,DOGE/USD
a,2024-11-12T06:50:46.127793833Z,2024-11-11 23:50:45.976344,0.3999166,7433.0,add,ODGH7Y-SVRJT-OF2X5P,DOGE/USD
a,2024-11-12T06:50:46.244191685Z,2024-11-11 23:50:45.976620,3390.73,4.24812982,delete,OPJ5NP-X7GYH-53D3SK,ETH/USD
a,2024-11-12T06:50:45.001764838Z,2024-11-11 23:50:45.976620,3392.5,73.69196974,add,O7KSEL-QULB4-NSHO24,ETH/USD
a,2024-11-12T06:50:46.244191689Z,2024-11-11 23:50:45.976859,3391.15,4.24812982,add,OV23UF-LSJJI-O5Y7IJ,ETH/USD
a,2024-11-12T06:50:46.245586770Z,2024-11-11 23:50:45.977080,220.9,45.27043914,add,OLPLAQ-TYDH5-T4MNQ5,SOL/USD
a,2024-11-12T06:50:46.246063878Z,2024-11-11 23:50:45.977301,3391.15,4.24812982,add,OJWNHR-OWFLT-MHOXKU,ETH/USD
b,2024-11-12T06:50:46.246885177Z,2024-11-11 23:50:45.977583,0.3994059,2193.75,delete,OLHNGX-6DW43-VZ7CHR,DOGE/USD
b,2024-11-12T06:50:43.228524560Z,2024-11-11 23:50:45.977583,0.399127,5631.01938712,add,OEF7MD-WPV35-USCX3F,DOGE/USD
b,2024-11-12T06:50:46.248040423Z,2024-11-11 23:50:45.977872,3388.37,3.4,delete,OR3ELB-VZ7RA-NFP2X5,ETH/USD
b,2024-11-12T06:50:09.049327114Z,2024-11-11 23:50:45.977872,3386.24,2.7,add,OGHZNP-J6OVO-E6TR7U,ETH/USD
a,2024-11-12T06:50:46.226928600Z,2024-11-11 23:50:45.978153,89742.9,0.01147803,delete,OMOLGE-N7VR4-6S2FFO,BTC/USD
a,2024-11-12T06:50:46.168502495Z,2024-11-11 23:50:45.978153,89751.2,0.02222991,add,O7IANV-FT7HH-QLCB44,BTC/USD
a,2024-11-12T06:50:46.248057353Z,2024-11-11 23:50:45.978381,89744.7,0.01147803,add,OMOLGE-N7VR4-6S2FFO,BTC/USD
a,2024-11-12T06:50:46.252636326Z,2024-11-11 23:50:45.978604,89749.4,2.7855362,add,OH6P6D-NYI66-UQRTEY,BTC/USD
a,2024-11-12T06:50:46.261445019Z,2024-11-11 23:50:45.978842,3391.15,4.24812982,delete,OV23UF-LSJJI-O5Y7IJ,ETH/USD
a,2024-11-12T06:50:46.261691843Z,2024-11-11 23:50:45.979100,3391.15,4.24812982,delete,OJWNHR-OWFLT-MHOXKU,ETH/USD
a,2024-11-12T06:50:45.001764838Z,2024-11-11 23:50:45.979100,3392.5,73.69196974,add,O7KSEL-QULB4-NSHO24,ETH/USD
b,2024-11-12T06:50:46.279792198Z,2024-11-11 23:50:45.979330,0.399202,45181.98064847,add,O4WXPT-ZBJU3-5A7GK5,DOGE/USD
a,2024-11-12T06:50:46.285848173Z,2024-11-11 23:50:45.979554,221.0,18.11682448,add,OGVJF5-MRLAU-JLFW53,SOL/USD
b,2024-11-12T06:50:46.294645357Z,2024-11-11 23:50:45.979784,220.84,45.28035778,delete,OL3RYP-RWXV4-Y7BWYK,SOL/USD
b,2024-11-12T06:50:42.621065465Z,2024-11-11 23:50:45.979784,220.7,7.911,add,OMHDQP-K2N5J-3S2JHU,SOL/USD
a,2024-11-12T06:50:46.221290961Z,2024-11-11 23:50:45.980011,3389.43,0.0087801,delete,OQS3QQ-M7SGB-VFEJNZ,ETH/USD
a,2024-11-12T06:50:46.297843922Z,2024-11-11 23:50:45.980223,3390.2,0.0087801,add,OQS3QQ-M7SGB-VFEJNZ,ETH/USD
b,2024-11-12T06:50:46.301527688Z,2024-11-11 23:50:45.980341,3387.85,0.84574642,add,OUXS4Q-MGTPB-L2PK6Z,ETH/USD
b,2024-11-12T06:50:46.302715142Z,2024-11-11 23:50:45.980505,220.84,45.28165187,add,OPJMTM-6KLNN-SOHMG5,SOL/USD
b,2024-11-12T06:50:46.303383732Z,2024-11-11 23:50:45.981043,0.3994973,10854.74827814,add,OTPRYU-QWLAF-BAJKOB,DOGE/USD
a,2024-11-12T06:50:46.304525903Z,2024-11-11 23:50:45.981262,3390.21,2.7,delete,OHTYPC-OSYKP-YTKCEZ,ETH/USD
a,2024-11-12T06:50:45.001764838Z,2024-11-11 23:50:45.981262,3392.5,73.69196974,add,O7KSEL-QULB4-NSHO24,ETH/USD
a,2024-11-12T06:50:46.305550125Z,2024-11-11 23:50:45.981382,0.3996279,2193.75,delete,OVJEQK-BSGQ5-5U7Z5G,DOGE/USD
a,2024-11-12T06:50:46.306443434Z,2024-11-11 23:50:45.981534,89749.4,2.7855362,delete,OH6P6D-NYI66-UQRTEY,BTC/USD
a,2024-11-12T06:50:46.210385589Z,2024-11-11 23:50:45.981534,89750.2,0.00556897,add,OZP3L7-JFB7B-RTIBHU,BTC/USD
a,2024-11-12T06:50:46.309726210Z,2024-11-11 23:50:45.981648,89749.9,2.78551852,add,ONOZAU-CDTYQ-I64CT4,BTC/USD
a,2024-11-12T06:50:46.325527223Z,2024-11-11 23:50:45.981810,0.3996279,2193.75,delete,OJIE2L-OAQTB-WM3UW3,DOGE/USD
a,2024-11-12T06:50:44.942275751Z,2024-11-11 23:50:45.981810,0.3999167,2193.75,add,OGJPVK-7WYKI-YYJMMS,DOGE/USD
a,2024-11-12T06:50:46.326162560Z,2024-11-11 23:50:45.981976,3390.99,0.11047704,add,OUJPMX-4RBLL-VLI3NW,ETH/USD
a,2024-11-12T06:50:46.194775497Z,2024-11-11 23:50:45.982247,220.94,0.05310886,delete,OTIWSF-LGU7J-3TVJX3,SOL/USD
a,2024-11-12T04:46:23.478328970Z,2024-11-11 23:50:45.982247,221.05,3.49631248,add,OXDS7D-JHI7B-STBP4H,SOL/USD
a,2024-11-12T04:55:00.731085620Z,2024-11-11 23:50:45.982247,221.05,0.0599927,add,OWG3A5-YCSVW-YQY2GG,SOL/USD
a,2024-11-12T05:47:29.958144899Z,2024-11-11 23:50:45.982247,221.05,0.23518,add,OR6USY-WK6BJ-ZPHAZJ,SOL/USD
a,2024-11-12T06:50:46.326976605Z,2024-11-11 23:50:45.982434,220.89,0.05310886,add,OTIWSF-LGU7J-3TVJX3,SOL/USD
b,2024-11-12T06:50:46.327641213Z,2024-11-11 23:50:45.982631,220.84,45.28165187,delete,OPJMTM-6KLNN-SOHMG5,SOL/USD
b,2024-11-12T06:50:42.621065465Z,2024-11-11 23:50:45.982631,220.7,7.911,add,OMHDQP-K2N5J-3S2JHU,SOL/USD
b,2024-11-12T06:50:46.327680678Z,2024-11-11 23:50:45.982887,3387.22,0.11047704,add,OWLYBB-7VPUN-GR34WB,ETH/USD
a,2024-11-12T06:50:46.327810089Z,2024-11-11 23:50:45.983055,3390.89,0.11047704,add,O5SM2H-OUKWC-N36HIX,ETH/USD
b,2024-11-12T06:50:46.327972925Z,2024-11-11 23:50:45.983274,3387.19,0.11047704,add,OX7SHS-LOZWS-SVOW2O,ETH/USD
a,2024-11-12T06:50:46.328779418Z,2024-11-11 23:50:45.983507,0.3996147,14910.99876212,add,O6CMPP-KK7YY-N2IVAC,DOGE/USD
a,2024-11-12T06:50:46.332917279Z,2024-11-11 23:50:45.983805,0.3996147,14910.99876212,delete,O6CMPP-KK7YY-N2IVAC,DOGE/USD
a,2024-11-12T06:50:44.942275751Z,2024-11-11 23:50:45.983805,0.3999167,2193.75,add,OGJPVK-7WYKI-YYJMMS,DOGE/USD
a,2024-11-12T06:50:46.335726949Z,2024-11-11 23:50:45.984064,3389.43,14.75494035,delete,OL45JM-V3F6K-XOHANF,ETH/USD
a,2024-11-12T06:50:45.037276713Z,2024-11-11 23:50:45.984064,3392.49,1.472,add,OFPWIZ-FNSMP-DUH5BO,ETH/USD
a,2024-11-12T06:50:45.039269800Z,2024-11-11 23:50:45.984064,3392.49,2.956,add,OZ73BX-QCKBR-OLLTFD,ETH/USD
a,2024-11-12T06:50:46.297843922Z,2024-11-11 23:50:45.985076,3390.2,0.0087801,delete,OQS3QQ-M7SGB-VFEJNZ,ETH/USD
a,2024-11-12T06:50:45.001764838Z,2024-11-11 23:50:45.985076,3392.5,73.69196974,add,O7KSEL-QULB4-NSHO24,ETH/USD
a,2024-11-12T06:50:46.336028459Z,2024-11-11 23:50:45.985233,3391.69,0.0087801,add,OQS3QQ-M7SGB-VFEJNZ,ETH/USD
b,2024-11-12T06:50:46.336244616Z,2024-11-11 23:50:45.985352,0.3994993,10890.14841908,add,OJ7QHE-V4TNA-7WK5PZ,DOGE/USD
b,2024-11-12T06:50:46.340576113Z,2024-11-11 23:50:45.985567,0.3994993,10890.14841908,delete,OJ7QHE-V4TNA-7WK5PZ,DOGE/USD
b,2024-11-12T06:50:38.856903576Z,2024-11-11 23:50:45.985567,0.3991438,18820.66417788,add,O5OXNA-UI4SJ-D22HXM,DOGE/USD
a,2024-11-12T06:50:46.343273793Z,2024-11-11 23:50:45.985735,0.3997015,13907.91303771,add,OIK7S7-W6LTV-7ND4L3,DOGE/USD
a,2024-11-12T06:50:46.346608620Z,2024-11-11 23:50:45.985926,0.3997015,13907.91303771,delete,OIK7S7-W6LTV-7ND4L3,DOGE/USD
a,2024-11-12T06:50:44.942275751Z,2024-11-11 23:50:45.985926,0.3999167,2193.75,add,OGJPVK-7WYKI-YYJMMS,DOGE/USD
a,2024-11-12T06:50:46.348833248Z,2024-11-11 23:50:45.986127,89749.9,2.78551852,delete,ONOZAU-CDTYQ-I64CT4,BTC/USD
a,2024-11-12T06:50:46.210385589Z,2024-11-11 23:50:45.986127,89750.2,0.00556897,add,OZP3L7-JFB7B-RTIBHU,BTC/USD
b,2024-11-12T06:50:46.354050300Z,2024-11-11 23:50:45.986328,3387.72,2.7,delete,OR2HTV-JIXJL-VWVQIX,ETH/USD
b,2024-11-12T06:50:29.738838811Z,2024-11-11 23:50:45.986328,3386.95,2.7,add,OZGRUF-FMNLT-PR4YHJ,ETH/USD
a,2024-11-12T06:50:46.356368660Z,2024-11-11 23:50:45.986627,89735.1,0.0001,delete,OROYNM-VTV5G-S6QFYX,BTC/USD
a,2024-11-12T06:50:46.168502495Z,2024-11-11 23:50:45.986627,89751.2,0.02222991,add,O7IANV-FT7HH-QLCB44,BTC/USD
a,2024-11-12T06:50:46.356368664Z,2024-11-11 23:50:45.986806,89730.1,0.0001,add,O2FDFB-7JXEO-PP4C2W,BTC/USD
b,2024-11-12T06:50:46.359903578Z,2024-11-11 23:50:45.987004,0.3994973,10854.74827814,delete,OTPRYU-QWLAF-BAJKOB,DOGE/USD
b,2024-11-12T06:50:44.756120998Z,2024-11-11 23:50:45.987004,0.3991296,2193.75,add,OXB26X-5O54N-JA3ZAW,DOGE/USD
b,2024-11-12T06:50:46.363568154Z,2024-11-11 23:50:45.987212,0.3994993,15526.14203656,add,OA7WDH-J4J7F-PEFJY3,DOGE/USD
b,2024-11-12T06:50:46.366701420Z,2024-11-11 23:50:45.987588,0.3994993,15526.14203656,delete,OA7WDH-J4J7F-PEFJY3,DOGE/USD
b,2024-11-12T06:50:44.756120998Z,2024-11-11 23:50:45.987588,0.3991296,2193.75,add,OXB26X-5O54N-JA3ZAW,DOGE/USD
a,2024-11-12T06:50:46.371857114Z,2024-11-11 23:50:45.988247,220.9,45.27043914,delete,OLPLAQ-TYDH5-T4MNQ5,SOL/USD
a,2024-11-12T04:46:23.478328970Z,2024-11-11 23:50:45.988247,221.05,3.49631248,add,OXDS7D-JHI7B-STBP4H,SOL/USD
a,2024-11-12T04:55:00.731085620Z,2024-11-11 23:50:45.988247,221.05,0.0599927,add,OWG3A5-YCSVW-YQY2GG,SOL/USD
a,2024-11-12T05:47:29.958144899Z,2024-11-11 23:50:45.988247,221.05,0.23518,add,OR6USY-WK6BJ-ZPHAZJ,SOL/USD
b,2024-11-12T06:50:46.373105197Z,2024-11-11 23:50:45.988561,220.77,154.00458395,delete,OKQJ63-HJ3XB-5DPIOC,SOL/USD
b,2024-11-12T06:50:40.612000700Z,2024-11-11 23:50:45.988561,220.68,17.92287169,add,OPPMP7-BHVVM-XHEC5Q,SOL/USD
b,2024-11-12T06:50:46.089869366Z,2024-11-11 23:50:45.988561,220.68,560.50686993,add,ORVKTG-GB7HF-EPNJVK,SOL/USD
a,2024-11-12T06:50:46.373866351Z,2024-11-11 23:50:45.988949,220.93,135.78961662,delete,O3KWSP-3PYTH-5ODE7F,SOL/USD
a,2024-11-12T04:55:09.062529946Z,2024-11-11 23:50:45.988949,221.06,0.18713314,add,OSEZQD-55RVX-Z4FA7V,SOL/USD
a,2024-11-12T06:04:52.327171460Z,2024-11-11 23:50:45.988949,221.06,2.4297288,add,OHK5AW-DFBMJ-ARDKOA,SOL/USD
a,2024-11-12T06:50:45.891849958Z,2024-11-11 23:50:45.988949,221.06,77.16644803,add,ORWNDA-LJXIN-FLT7N3,SOL/USD
a,2024-11-12T06:50:46.375077376Z,2024-11-11 23:50:45.989222,89748.9,5.57110437,delete,OLPDNR-QX2IM-GY2AP7,BTC/USD
a,2024-11-12T06:50:46.168502495Z,2024-11-11 23:50:45.989222,89751.2,0.02222991,add,O7IANV-FT7HH-QLCB44,BTC/USD
a,2024-11-12T06:50:46.375891145Z,2024-11-11 23:50:45.989502,3391.11,0.15078133,delete,OV7G35-447M4-L3AIL2,ETH/USD
a,2024-11-12T06:50:45.001764838Z,2024-11-11 23:50:45.989502,3392.5,73.69196974,add,O7KSEL-QULB4-NSHO24,ETH/USD
b,2024-11-12T06:50:46.375984901Z,2024-11-11 23:50:45.989660,3387.6,0.15020616,add,OKHQZ3-JWP7F-7BKKW5,ETH/USD
b,2024-11-12T06:50:46.376958774Z,2024-11-11 23:50:45.990055,220.75,1.22237986,add,OOWY7R-735UK-WD52FY,SOL/USD
a,2024-11-12T06:50:46.380715415Z,2024-11-11 23:50:45.990818,220.92,45.266321,add,OYBXHW-TV2DQ-FVDCBF,SOL/USD
b,2024-11-12T06:50:46.380731345Z,2024-11-11 23:50:45.991007,220.87,45.27375653,add,OQHGZP-F4X4P-NYZAEM,SOL/USD
a,2024-11-12T06:50:46.380868906Z,2024-11-11 23:50:45.991192,220.92,45.26640986,add,OPXTKN-KC6CM-ZPLMQG,SOL/USD
b,2024-11-12T06:50:46.381077671Z,2024-11-11 23:50:45.991406,220.8,153.9791407,add,ODL55J-576NL-375UWI,SOL/USD
b,2024-11-12T06:50:46.395586861Z,2024-11-11 23:50:45.991946,220.87,45.27375653,delete,OQHGZP-F4X4P-NYZAEM,SOL/USD
b,2024-11-12T06:50:40.612000700Z,2024-11-11 23:50:45.991946,220.68,17.92287169,add,OPPMP7-BHVVM-XHEC5Q,SOL/USD
b,2024-11-12T06:50:46.089869366Z,2024-11-11 23:50:45.991946,220.68,560.50686993,add,ORVKTG-GB7HF-EPNJVK,SOL/USD
a,2024-11-12T06:50:46.405750496Z,2024-11-11 23:50:45.998583,220.95,135.7780053,add,OO7DX6-EIZB3-4KFKY5,SOL/USD
b,2024-11-12T06:50:46.405887122Z,2024-11-11 23:50:45.998701,220.84,99.61963412,add,O63YIC-274DN-OKABPV,SOL/USD
a,2024-11-12T06:50:46.407335288Z,2024-11-11 23:50:45.999783,220.92,45.26640986,delete,OPXTKN-KC6CM-ZPLMQG,SOL/USD
a,2024-11-12T06:50:46.408952632Z,2024-11-11 23:50:46.001793,220.92,45.266321,delete,OYBXHW-TV2DQ-FVDCBF,SOL/USD
a,2024-11-12T06:50:46.410157535Z,2024-11-11 23:50:46.008069,220.96,2.25539133,delete,OGGVSK-7IMB4-B7FPHO,SOL/USD
a,2024-11-12T06:49:38.485171858Z,2024-11-11 23:50:46.008069,221.07,0.08346217,add,O6LV7C-QVOJ6-SWFKP7,SOL/USD
a,2024-11-12T06:50:46.410322868Z,2024-11-11 23:50:46.008534,0.399771,11510.00612699,add,OQX3TN-5YIZW-W4HMJ6,DOGE/USD
b,2024-11-12T06:50:46.410593687Z,2024-11-11 23:50:46.008800,0.3995826,13908.79617982,add,OLPFME-ZCF44-OAZ3WB,DOGE/USD
b,2024-11-12T06:50:46.411031584Z,2024-11-11 23:50:46.009037,0.399202,45181.98064847,delete,O4WXPT-ZBJU3-5A7GK5,DOGE/USD
b,2024-11-12T06:50:44.756120998Z,2024-11-11 23:50:46.009037,0.3991296,2193.75,add,OXB26X-5O54N-JA3ZAW,DOGE/USD
b,2024-11-12T06:50:46.411249154Z,2024-11-11 23:50:46.009350,220.84,99.61963412,delete,O63YIC-274DN-OKABPV,SOL/USD
b,2024-11-12T06:50:40.612000700Z,2024-11-11 23:50:46.009350,220.68,17.92287169,add,OPPMP7-BHVVM-XHEC5Q,SOL/USD
b,2024-11-12T06:50:46.089869366Z,2024-11-11 23:50:46.009350,220.68,560.50686993,add,ORVKTG-GB7HF-EPNJVK,SOL/USD
a,2024-11-12T06:50:46.412894078Z,2024-11-11 23:50:46.009569,0.3997035,2193.75,delete,OBRDBM-OS5MD-7FYQT7,DOGE/USD
a,2024-11-12T06:50:44.942275751Z,2024-11-11 23:50:46.009569,0.3999167,2193.75,add,OGJPVK-7WYKI-YYJMMS,DOGE/USD
b,2024-11-12T06:50:46.413983435Z,2024-11-11 23:50:46.009770,0.3995826,13908.79617982,delete,OLPFME-ZCF44-OAZ3WB,DOGE/USD
b,2024-11-12T06:50:43.228524560Z,2024-11-11 23:50:46.009770,0.399127,5631.01938712,add,OEF7MD-WPV35-USCX3F,DOGE/USD
a,2024-11-12T06:50:46.429783210Z,2024-11-11 23:50:46.022968,0.3997484,30965.36881204,delete,ORGZ5R-ZEYOW-KMRY7M,DOGE/USD
a,2024-11-12T06:50:43.813890889Z,2024-11-11 23:50:46.022968,0.3999692,70593.27385417,add,OEODNS-KAW36-S4YRKB,DOGE/USD
a,2024-11-12T06:50:46.141725503Z,2024-11-11 23:50:46.025208,3389.55,0.57679728,modify,OUETQV-U5R2K-3UF3WT,ETH/USD
a,2024-11-12T06:50:46.432895249Z,2024-11-11 23:50:46.025766,220.92,17.09441927,delete,OV66Z6-F4E24-3SSR5N,SOL/USD
a,2024-11-12T06:50:39.867039066Z,2024-11-11 23:50:46.025766,221.09,452.32039646,add,OC4QEP-4EJJY-PJXFWX,SOL/USD
b,2024-11-12T06:50:46.446635162Z,2024-11-11 23:50:46.039751,220.84,45.28165187,add,OPOMAR-5JKWX-4JLBFS,SOL/USD
b,2024-11-12T06:50:46.449710430Z,2024-11-11 23:50:46.042627,220.84,45.28165187,delete,OPOMAR-5JKWX-4JLBFS,SOL/USD
b,2024-11-12T06:50:40.612000700Z,2024-11-11 23:50:46.042627,220.68,17.92287169,add,OPPMP7-BHVVM-XHEC5Q,SOL/USD
b,2024-11-12T06:50:46.089869366Z,2024-11-11 23:50:46.042627,220.68,560.50686993,add,ORVKTG-GB7HF-EPNJVK,SOL/USD
a,2024-11-12T06:50:46.477448307Z,2024-11-11 23:50:46.071225,89751.2,0.02222991,delete,O7IANV-FT7HH-QLCB44,BTC/USD
a,2024-11-12T06:50:42.770350576Z,2024-11-11 23:50:46.071225,89754.0,5.57078788,add,OZTDKQ-KNNPK-Q5SPBZ,BTC/USD
a,2024-11-12T06:50:46.509640666Z,2024-11-11 23:50:46.102263,0.3997522,2193.75,delete,OMGX3D-CZO4Q-PTWYQP,DOGE/USD
a,2024-11-12T06:50:44.750618521Z,2024-11-11 23:50:46.102263,0.3999967,2193.75,add,OZZMGM-SYY3Z-S5R6WT,DOGE/USD
b,2024-11-12T06:50:46.513183783Z,2024-11-11 23:50:46.105898,0.3993439,9595.39421078,add,O5H7KR-BT3CL-NIXWDZ,DOGE/USD
a,2024-11-12T06:50:46.520805477Z,2024-11-11 23:50:46.113502,220.95,7.91,delete,OOBEC3-D5GLH-YKHBC7,SOL/USD
a,2024-11-12T06:50:46.521731260Z,2024-11-11 23:50:46.114663,89754.0,5.57078788,delete,OZTDKQ-KNNPK-Q5SPBZ,BTC/USD
a,2024-11-12T06:50:43.583391525Z,2024-11-11 23:50:46.114663,89755.0,2.78536066,add,OLCEQX-2NRLP-IIO7FA,BTC/USD
a,2024-11-12T06:50:46.522539071Z,2024-11-11 23:50:46.115551,0.399795,2193.75,delete,O5DGL4-TXRCZ-KZZYTP,DOGE/USD
a,2024-11-12T06:50:44.853011323Z,2024-11-11 23:50:46.115551,0.4000367,2193.75,add,OM7JIL-OWJDL-7GHZIU,DOGE/USD
a,2024-11-12T06:50:46.526532174Z,2024-11-11 23:50:46.121570,220.92,45.26530974,add,OGKDTF-AAHHJ-6F2UEW,SOL/USD
b,2024-11-12T06:50:46.526600594Z,2024-11-11 23:50:46.143662,220.87,45.27440021,add,O7EKGH-D73PO-AVFFG5,SOL/USD
a,2024-11-12T06:50:46.526673607Z,2024-11-11 23:50:46.143787,220.98,226.27270839,add,OILTI3-DBP2G-A2ZQR4,SOL/USD
a,2024-11-12T06:50:46.527171208Z,2024-11-11 23:50:46.143976,0.3999166,7433.0,delete,ODGH7Y-SVRJT-OF2X5P,DOGE/USD
a,2024-11-12T06:50:45.908296710Z,2024-11-11 23:50:46.143976,0.4000458,62073.95129823,add,OAK5ZY-VXQG6-YPMZJ3,DOGE/USD
a,2024-11-12T06:50:46.527511901Z,2024-11-11 23:50:46.144181,0.3998367,2193.75,delete,OFKEFX-VA3BK-3CFF54,DOGE/USD
a,2024-11-12T06:50:45.516877308Z,2024-11-11 23:50:46.144181,0.4000489,4000.0,add,OOYA2O-CHOKP-GNA6Y5,DOGE/USD
a,2024-11-12T06:50:46.530471816Z,2024-11-11 23:50:46.144330,89755.0,2.78536066,delete,OLCEQX-2NRLP-IIO7FA,BTC/USD
a,2024-11-12T06:50:44.805408513Z,2024-11-11 23:50:46.144330,89761.9,0.278702,add,OJ2UXL-G4YAX-M2MHQB,BTC/USD
a,2024-11-12T06:50:46.530802760Z,2024-11-11 23:50:46.144431,221.01,452.47322435,delete,OEL5Y4-Z6JPZ-KAPRY4,SOL/USD
b,2024-11-12T06:50:46.531702769Z,2024-11-11 23:50:46.144637,89705.7,0.049,add,OUUB5C-UDHUD-JQXLOV,BTC/USD
a,2024-11-12T06:50:46.531702781Z,2024-11-11 23:50:46.144637,89704.9,0.0,delete,OW2YXD-S4OKV-GZKDXM,BTC/USD
a,2024-11-12T06:50:46.531702797Z,2024-11-11 23:50:46.144637,89704.9,0.0,delete,OKGDKV-NYY6Y-TJRA4R,BTC/USD
a,2024-11-12T06:50:38.329410919Z,2024-11-11 23:50:46.144637,89763.0,9.11e-05,add,OTXOXO-3NI5G-NQG6T6,BTC/USD
b,2024-11-12T06:50:46.531702769Z,2024-11-11 23:50:46.144727,89705.7,0.048,modify,OUUB5C-UDHUD-JQXLOV,BTC/USD
b,2024-11-12T06:50:46.531702813Z,2024-11-11 23:50:46.144859,89705.7,0.048,delete,OUUB5C-UDHUD-JQXLOV,BTC/USD
b,2024-11-12T06:50:39.068512807Z,2024-11-11 23:50:46.144859,89696.3,0.3375,add,OKQMSE-NLZFS-AJM2QK,BTC/USD
a,2024-11-12T06:50:46.533839298Z,2024-11-11 23:50:46.144990,220.92,45.26530974,delete,OGKDTF-AAHHJ-6F2UEW,SOL/USD
a,2024-11-12T06:50:39.867039066Z,2024-11-11 23:50:46.144990,221.09,452.32039646,add,OC4QEP-4EJJY-PJXFWX,SOL/USD
a,2024-11-12T06:50:46.535062613Z,2024-11-11 23:50:46.145682,89730.1,0.0001,delete,O2FDFB-7JXEO-PP4C2W,BTC/USD
a,2024-11-12T06:50:27.248192375Z,2024-11-11 23:50:46.145682,89763.6,0.02230074,add,OTZ22O-2PXFV-B4QAJA,BTC/USD
a,2024-11-12T06:50:46.535062617Z,2024-11-11 23:50:46.145786,89735.1,0.0001,add,O27ZSK-EMXA5-DCJL7V,BTC/USD
a,2024-11-12T06:50:46.535157444Z,2024-11-11 23:50:46.145922,89745.4,0.234924,delete,OACX7G-OOMTG-S4FUT5,BTC/USD
a,2024-11-12T06:50:27.248192375Z,2024-11-11 23:50:46.145922,89763.6,0.02230074,add,OTZ22O-2PXFV-B4QAJA,BTC/USD
a,2024-11-12T06:50:46.535196671Z,2024-11-11 23:50:46.146074,0.399771,11510.00612699,delete,OQX3TN-5YIZW-W4HMJ6,DOGE/USD
a,2024-11-12T06:50:43.804303912Z,2024-11-11 23:50:46.146074,0.4000598,7290.0,add,OPWRLL-PHFZO-K66RH6,DOGE/USD
a,2024-11-12T06:50:46.535828111Z,2024-11-11 23:50:46.146217,3391.7,73.70939275,delete,OG3Q4D-F4KP4-OIMQA5,ETH/USD
a,2024-11-12T06:50:44.883729207Z,2024-11-11 23:50:46.146217,3392.51,18.43446807,add,OXRX4K-RP777-5OB22F,ETH/USD
b,2024-11-12T06:50:46.539425026Z,2024-11-11 23:50:46.146321,89704.9,0.04454749,add,O6Y4H4-LQJVQ-KKCNXM,BTC/USD
b,2024-11-12T06:50:46.539839416Z,2024-11-11 23:50:46.146419,89704.9,0.25,add,OWSMX5-6HTUB-EI6IZG,BTC/USD
b,2024-11-12T06:50:46.540111725Z,2024-11-11 23:50:46.146520,89704.8,0.48,delete,OFCOM6-ZV67F-V3V6LI,BTC/USD
b,2024-11-12T06:50:46.540175575Z,2024-11-11 23:50:46.146615,89709.2,0.3375,add,OE5IYL-3GBYN-YIW5US,BTC/USD
b,2024-11-12T06:50:46.540206804Z,2024-11-11 23:50:46.146751,89699.9,0.3375,delete,OU735X-4PGIW-Q4C7ST,BTC/USD
b,2024-11-12T06:50:39.472411057Z,2024-11-11 23:50:46.146751,89696.4,1.71690279,add,O7PTMX-RX5X4-FNVRTX,BTC/USD
b,2024-11-12T06:50:46.540317916Z,2024-11-11 23:50:46.146850,89713.7,0.3375,add,OVYJZD-VB42T-SV7GH6,BTC/USD
b,2024-11-12T06:50:46.540502655Z,2024-11-11 23:50:46.155723,89706.3,0.48,add,OCZGTZ-T7477-PL3H5T,BTC/USD
b,2024-11-12T06:50:46.540529109Z,2024-11-11 23:50:46.155851,89704.8,0.19368138,delete,OORRDM-CS5LC-SGZRTZ,BTC/USD
b,2024-11-12T06:50:46.540544775Z,2024-11-11 23:50:46.155944,89718.9,0.19365094,add,OPY3HR-WJGIO-WHRDKZ,BTC/USD
b,2024-11-12T06:50:46.540623970Z,2024-11-11 23:50:46.156178,0.3994352,27003.78444538,delete,ONEQOK-GLAFM-WZ5DQW,DOGE/USD
b,2024-11-12T06:50:43.228524560Z,2024-11-11 23:50:46.156178,0.399127,5631.01938712,add,OEF7MD-WPV35-USCX3F,DOGE/USD
b,2024-11-12T06:50:46.541054735Z,2024-11-11 23:50:46.156300,89704.9,0.4,add,OT2MML-RTVVR-PJ65FM,BTC/USD
a,2024-11-12T06:50:46.541367253Z,2024-11-11 23:50:46.156437,3389.55,0.57679728,delete,OUETQV-U5R2K-3UF3WT,ETH/USD
a,2024-11-12T06:50:44.536822405Z,2024-11-11 23:50:46.156437,3392.52,1.0,add,OBC63I-ECBZX-65EN67,ETH/USD
b,2024-11-12T06:50:46.544209900Z,2024-11-11 23:50:46.156538,89704.9,0.1330028,add,OI4TYR-TU6SA-AU744O,BTC/USD
b,2024-11-12T06:50:46.545392696Z,2024-11-11 23:50:46.156664,89704.8,0.02229535,delete,ODT5FR-CMFNT-YPH47D,BTC/USD
b,2024-11-12T06:50:46.545392700Z,2024-11-11 23:50:46.156763,89718.9,0.02229184,add,OLSQVO-7MQ5D-23PAH3,BTC/USD
b,2024-11-12T06:50:46.545843701Z,2024-11-11 23:50:46.156875,89718.9,1.78264211,add,OEP6UQ-25INX-BZZ4LE,BTC/USD
a,2024-11-12T06:50:46.546447126Z,2024-11-11 23:50:46.156974,3390.73,0.84574642,add,OEQC52-4O55L-LELAOV,ETH/USD
b,2024-11-12T06:50:46.546649996Z,2024-11-11 23:50:46.157108,89704.8,1.78308269,delete,OKMR5J-6GEV2-KKTRZN,BTC/USD
b,2024-11-12T06:50:46.546894855Z,2024-11-11 23:50:46.162225,89704.2,1.71675269,delete,O2QD3Q-NTRBY-DIO65K,BTC/USD
b,2024-11-12T06:50:39.630685759Z,2024-11-11 23:50:46.162225,89701.0,3.38903388,add,OEIMQK-RW7CG-AUOLOR,BTC/USD
b,2024-11-12T06:50:43.637253161Z,2024-11-11 23:50:46.162225,89701.0,0.01850213,add,OIA6DS-RSJ7P-2YPGUV,BTC/USD
b,2024-11-12T06:50:46.546917690Z,2024-11-11 23:50:46.162446,89702.1,3.3889943,delete,OAHCWD-IAWTJ-JNHHWU,BTC/USD
b,2024-11-12T06:50:45.142295249Z,2024-11-11 23:50:46.162446,89700.2,0.00565744,add,OREKVQ-UWVVA-KSGJ7M,BTC/USD
b,2024-11-12T06:50:46.546976956Z,2024-11-11 23:50:46.162697,89701.0,3.38903388,delete,OEIMQK-RW7CG-AUOLOR,BTC/USD
b,2024-11-12T06:50:46.547245956Z,2024-11-11 23:50:46.162950,89713.7,0.3375,add,OC72RK-C2D4B-5LNPM4,BTC/USD
b,2024-11-12T06:50:46.547393475Z,2024-11-11 23:50:46.163172,89709.2,0.3375,delete,OE5IYL-3GBYN-YIW5US,BTC/USD
b,2024-11-12T06:50:39.472411057Z,2024-11-11 23:50:46.163172,89696.4,1.71690279,add,O7PTMX-RX5X4-FNVRTX,BTC/USD
b,2024-11-12T06:50:46.547401667Z,2024-11-11 23:50:46.163725,89706.3,0.48,delete,OCZGTZ-T7477-PL3H5T,BTC/USD
b,2024-11-12T06:50:39.068512807Z,2024-11-11 23:50:46.163725,89696.3,0.3375,add,OKQMSE-NLZFS-AJM2QK,BTC/USD
b,2024-11-12T06:50:46.547418557Z,2024-11-11 23:50:46.163984,89715.2,0.48,add,O6YAJ2-FKGOI-CJGWUV,BTC/USD
b,2024-11-12T06:50:46.547541278Z,2024-11-11 23:50:46.164218,89704.8,0.3375,delete,O2Z5Y4-BCFKT-SNYIC5,BTC/USD
b,2024-11-12T06:50:39.631170949Z,2024-11-11 23:50:46.164433,89704.8,0.0002337,delete,OQWSW4-XHUHQ-DFGFBO,BTC/USD
b,2024-11-12T06:50:46.548114022Z,2024-11-11 23:50:46.164910,89718.9,0.0002337,add,OQWSW4-XHUHQ-DFGFBO,BTC/USD
a,2024-11-12T06:50:46.548159625Z,2024-11-11 23:50:46.165249,3390.74,2.7,delete,OTGU2U-ZBRBZ-BBLGYA,ETH/USD
a,2024-11-12T06:50:44.536822405Z,2024-11-11 23:50:46.165249,3392.52,1.0,add,OBC63I-ECBZX-65EN67,ETH/USD
a,2024-11-12T06:50:46.548246422Z,2024-11-11 23:50:46.165415,3390.74,2.7,add,OWLXD6-V2UJN-TM7BMT,ETH/USD
b,2024-11-12T06:50:46.548263365Z,2024-11-11 23:50:46.165591,220.8,153.9791407,delete,ODL55J-576NL-375UWI,SOL/USD
b,2024-11-12T06:50:46.548355431Z,2024-11-11 23:50:46.166015,89704.8,1.71674202,delete,OGG7PQ-QCT5H-VFLTV2,BTC/USD
b,2024-11-12T06:50:46.548805011Z,2024-11-11 23:50:46.166166,3387.86,0.23844694,add,OJ2HNK-G4GCS-KV5L4W,ETH/USD
b,2024-11-12T06:50:46.550452569Z,2024-11-11 23:50:46.166611,89713.7,0.3375,delete,OC72RK-C2D4B-5LNPM4,BTC/USD
b,2024-11-12T06:50:46.550564390Z,2024-11-11 23:50:46.166827,89718.9,0.3375,add,OPCTRO-AQCAV-VUOVRU,BTC/USD
a,2024-11-12T06:50:46.553813413Z,2024-11-11 23:50:46.167288,3390.57,2.7,add,OWI2NS-RXQUT-LIFG6N,ETH/USD
a,2024-11-12T06:50:46.553934740Z,2024-11-11 23:50:46.185384,3390.69,0.09932557,add,OW2E3E-LWAWV-HOQJPU,ETH/USD
a,2024-11-12T06:50:46.553968770Z,2024-11-11 23:50:46.185603,3390.59,0.11047704,add,OWY3AC-RLOZF-BUXZ76,ETH/USD
b,2024-11-12T06:50:46.554018804Z,2024-11-11 23:50:46.185802,89704.9,0.1,add,OKFV2K-EOXCZ-YEF3B6,BTC/USD
a,2024-11-12T06:50:46.554032483Z,2024-11-11 23:50:46.186308,3390.89,0.11047704,delete,O5SM2H-OUKWC-N36HIX,ETH/USD
a,2024-11-12T06:50:45.037276713Z,2024-11-11 23:50:46.186308,3392.49,1.472,add,OFPWIZ-FNSMP-DUH5BO,ETH/USD
a,2024-11-12T06:50:45.039269800Z,2024-11-11 23:50:46.186308,3392.49,2.956,add,OZ73BX-QCKBR-OLLTFD,ETH/USD
b,2024-11-12T06:50:46.554381173Z,2024-11-11 23:50:46.186836,89702.2,0.00446261,delete,OLTGHI-KZVPA-6J7IL7,BTC/USD
b,2024-11-12T06:50:39.068512807Z,2024-11-11 23:50:46.186836,89696.3,0.3375,add,OKQMSE-NLZFS-AJM2QK,BTC/USD
a,2024-11-12T06:50:46.555395947Z,2024-11-11 23:50:46.187047,3390.99,0.11047704,delete,OUJPMX-4RBLL-VLI3NW,ETH/USD
a,2024-11-12T06:50:45.001764838Z,2024-11-11 23:50:46.187047,3392.5,73.69196974,add,O7KSEL-QULB4-NSHO24,ETH/USD
b,2024-11-12T06:50:46.556871519Z,2024-11-11 23:50:46.187299,220.77,10.19004433,add,OYNZAH-TYRF5-JFVVRX,SOL/USD
a,2024-11-12T06:50:46.557300363Z,2024-11-11 23:50:46.187481,89750.2,0.00556897,delete,OZP3L7-JFB7B-RTIBHU,BTC/USD
a,2024-11-12T06:50:43.316362776Z,2024-11-11 23:50:46.187481,89772.7,0.22636655,add,OUBHTJ-WA2EU-VFCPUB,BTC/USD
a,2024-11-12T06:50:46.557516286Z,2024-11-11 23:50:46.187898,89725.2,0.00556897,delete,OOHOSZ-GLLLF-OAJAPD,BTC/USD
a,2024-11-12T06:50:15.701677315Z,2024-11-11 23:50:46.187898,89772.8,0.3375,add,OR2CEL-GH6V2-L2PII6,BTC/USD
a,2024-11-12T06:50:46.559380322Z,2024-11-11 23:50:46.188205,3390.69,0.09932557,delete,OW2E3E-LWAWV-HOQJPU,ETH/USD
a,2024-11-12T06:50:44.883729207Z,2024-11-11 23:50:46.188205,3392.51,18.43446807,add,OXRX4K-RP777-5OB22F,ETH/USD
a,2024-11-12T06:50:46.559401680Z,2024-11-11 23:50:46.188818,3390.59,0.11047704,delete,OWY3AC-RLOZF-BUXZ76,ETH/USD
a,2024-11-12T06:50:44.536822405Z,2024-11-11 23:50:46.188818,3392.52,1.0,add,OBC63I-ECBZX-65EN67,ETH/USD
a,2024-11-12T06:50:46.564316788Z,2024-11-11 23:50:46.189043,221.06,77.16644803,delete,ORWNDA-LJXIN-FLT7N3,SOL/USD
b,2024-11-12T06:50:46.564512076Z,2024-11-11 23:50:46.189321,89718.9,0.0378,add,O24LUB-G5ILX-VFM6W5,BTC/USD
b,2024-11-12T06:50:46.566352478Z,2024-11-11 23:50:46.189800,89704.8,0.0378,delete,OB7UCE-2VJUS-5NJ3DK,BTC/USD
a,2024-11-12T06:50:46.567871244Z,2024-11-11 23:50:46.190003,89764.9,0.00556897,add,O227RH-CP633-CUDXPC,BTC/USD
a,2024-11-12T06:50:46.568395246Z,2024-11-11 23:50:46.190473,89740.5,0.00556897,add,OHHSZE-KAK7G-HW32Z5,BTC/USD
a,2024-11-12T06:50:46.569529172Z,2024-11-11 23:50:46.190720,3390.91,0.11047704,add,OFNIXM-PJ6HN-KGG2PN,ETH/USD
b,2024-11-12T06:50:46.571761029Z,2024-11-11 23:50:46.190898,89704.8,0.04454749,delete,OSQPUM-VNLOX-6AODWU,BTC/USD
b,2024-11-12T06:50:46.571946699Z,2024-11-11 23:50:46.193972,89718.9,0.04454749,add,ODTR6R-XSPCT-ZX3F44,BTC/USD
b,2024-11-12T06:50:46.572066051Z,2024-11-11 23:50:46.194068,89704.8,0.25,delete,O67MDO-XBNUA-GB6GRS,BTC/USD
a,2024-11-12T06:50:46.572546202Z,2024-11-11 23:50:46.194168,3391.01,0.11047704,add,ONA67G-Z4VW4-EUXCRG,ETH/USD
b,2024-11-12T06:50:46.573168477Z,2024-11-11 23:50:46.198325,89718.9,1.71647222,add,OWKW6M-B5EQY-QTGJOP,BTC/USD
b,2024-11-12T06:50:46.573286446Z,2024-11-11 23:50:46.198751,89718.3,1.71648233,add,OXC5SC-NKHDJ-HGKJZF,BTC/USD
b,2024-11-12T06:50:46.573529469Z,2024-11-11 23:50:46.198956,89717.4,1.71649901,add,OB2EHJ-R4HWN-YHXNAH,BTC/USD
b,2024-11-12T06:50:46.573670015Z,2024-11-11 23:50:46.224645,89716.3,3.3884573,add,OY6M6O-Y3OSH-YTRE4X,BTC/USD
b,2024-11-12T06:50:46.573718572Z,2024-11-11 23:50:46.224743,89715.3,3.38849563,add,ORYR5V-X3OIT-AE5VAB,BTC/USD
b,2024-11-12T06:50:46.573929769Z,2024-11-11 23:50:46.224826,89712.1,3.38861725,add,O3QKTF-K5URN-P5RL5M,BTC/USD
b,2024-11-12T06:50:46.577385466Z,2024-11-11 23:50:46.224931,89704.9,0.1330028,delete,OI4TYR-TU6SA-AU744O,BTC/USD
b,2024-11-12T06:50:46.577520555Z,2024-11-11 23:50:46.225020,89704.9,0.1,delete,OKFV2K-EOXCZ-YEF3B6,BTC/USD
b,2024-11-12T06:50:46.577562301Z,2024-11-11 23:50:46.225101,89718.9,0.1,add,OYZUJW-WQWWJ-QPJ3GK,BTC/USD
a,2024-11-12T06:50:46.577725067Z,2024-11-11 23:50:46.225180,89752.0,0.0378,add,OBFTFC-2IKZW-DY3LWO,BTC/USD
a,2024-11-12T06:50:46.578312322Z,2024-11-11 23:50:46.225292,89744.8,0.01939681,delete,OSX534-GXGU2-ULJ4QM,BTC/USD
a,2024-11-12T06:50:46.567871244Z,2024-11-11 23:50:46.225292,89764.9,0.00556897,add,O227RH-CP633-CUDXPC,BTC/USD
b,2024-11-12T06:50:46.578430939Z,2024-11-11 23:50:46.225405,89715.2,0.48,delete,O6YAJ2-FKGOI-CJGWUV,BTC/USD
b,2024-11-12T06:50:39.630769669Z,2024-11-11 23:50:46.225405,89703.3,1.71677015,add,OESEK3-YCCTT-GPR77R,BTC/USD
b,2024-11-12T06:50:46.578483594Z,2024-11-11 23:50:46.227882,89718.9,0.48,add,OJ3BXA-NU6OO-L45RAL,BTC/USD
b,2024-11-12T06:50:46.585658869Z,2024-11-11 23:50:46.227987,220.78,221.93651021,add,OQP6IH-7RIN7-WG3EO7,SOL/USD
b,2024-11-12T06:50:46.591204891Z,2024-11-11 23:50:46.228074,220.74,10.19004433,delete,O42FCR-FUKJM-XG3BD2,SOL/USD
a,2024-11-12T06:50:46.594679387Z,2024-11-11 23:50:46.228626,89752.0,0.0378,delete,OBFTFC-2IKZW-DY3LWO,BTC/USD
a,2024-11-12T06:50:43.316362776Z,2024-11-11 23:50:46.228626,89772.7,0.22636655,add,OUBHTJ-WA2EU-VFCPUB,BTC/USD
a,2024-11-12T06:50:46.597324137Z,2024-11-11 23:50:46.228711,221.0,34.03580331,delete,OVD6II-J7IGO-OVSJAD,SOL/USD
a,2024-11-12T06:50:46.597465897Z,2024-11-11 23:50:46.228792,221.05,34.03580331,add,OVCOXZ-NF67Q-SSWS2V,SOL/USD
a,2024-11-12T06:50:46.597941856Z,2024-11-11 23:50:46.228872,221.0,18.11682448,delete,OGVJF5-MRLAU-JLFW53,SOL/USD
b,2024-11-12T06:50:46.600961982Z,2024-11-11 23:50:46.228965,220.88,77.16644803,add,O5IZRC-ZPEIY-ZSQSVR,SOL/USD
a,2024-11-12T06:50:46.248057353Z,2024-11-11 23:50:46.239694,89744.7,0.01147803,delete,OMOLGE-N7VR4-6S2FFO,BTC/USD
a,2024-11-12T06:50:15.701677315Z,2024-11-11 23:50:46.239694,89772.8,0.3375,add,OR2CEL-GH6V2-L2PII6,BTC/USD
a,2024-11-12T06:50:46.614031431Z,2024-11-11 23:50:46.239867,89751.9,0.01147803,add,OMOLGE-N7VR4-6S2FFO,BTC/USD
a,2024-11-12T06:50:46.616949565Z,2024-11-11 23:50:46.245420,89772.7,0.22636655,delete,OUBHTJ-WA2EU-VFCPUB,BTC/USD
a,2024-11-12T06:50:15.701677315Z,2024-11-11 23:50:46.245420,89772.8,0.3375,add,OR2CEL-GH6V2-L2PII6,BTC/USD
b,2024-11-12T06:50:46.619118365Z,2024-11-11 23:50:46.245557,89704.8,0.1,delete,OLUYU3-ZEK2T-34LZ6M,BTC/USD
b,2024-11-12T06:50:46.619653314Z,2024-11-11 23:50:46.245655,89704.9,0.04454749,delete,O6Y4H4-LQJVQ-KKCNXM,BTC/USD
a,2024-11-12T06:50:46.622727619Z,2024-11-11 23:50:46.247372,3390.57,2.7,add,O4DH3B-56FHX-UYR3GD,ETH/USD
a,2024-11-12T06:50:46.623630762Z,2024-11-11 23:50:46.280868,89772.6,0.01918709,add,O5X6WV-TIVHS-JDMT7K,BTC/USD
a,2024-11-12T06:50:46.626389275Z,2024-11-11 23:50:46.281376,3391.1,5.9,add,O5KA2Y-BP3O4-O3IIEY,ETH/USD
b,2024-11-12T06:50:46.629403853Z,2024-11-11 23:50:46.281638,89704.8,0.03990872,add,OXTABH-7CDYR-U3ONBC,BTC/USD
a,2024-11-12T06:50:46.633761336Z,2024-11-11 23:50:46.281872,89757.8,0.234924,add,O5LFYK-OMEA7-5526NS,BTC/USD
a,2024-11-12T06:50:46.640497693Z,2024-11-11 23:50:46.282670,89757.8,0.234924,delete,O5LFYK-OMEA7-5526NS,BTC/USD
a,2024-11-12T06:50:46.623630762Z,2024-11-11 23:50:46.282670,89772.6,0.01918709,add,O5X6WV-TIVHS-JDMT7K,BTC/USD
a,2024-11-12T06:50:46.614031431Z,2024-11-11 23:50:46.282955,89751.9,0.01147803,delete,OMOLGE-N7VR4-6S2FFO,BTC/USD
a,2024-11-12T06:50:15.701677315Z,2024-11-11 23:50:46.282955,89772.8,0.3375,add,OR2CEL-GH6V2-L2PII6,BTC/USD
a,2024-11-12T06:50:46.644254769Z,2024-11-11 23:50:46.283139,89761.8,0.01147803,add,OMOLGE-N7VR4-6S2FFO,BTC/USD
a,2024-11-12T06:50:46.644729588Z,2024-11-11 23:50:46.283344,220.94,45.26168906,add,OMIMII-DTPB7-B7TRL5,SOL/USD
b,2024-11-12T06:50:46.644894336Z,2024-11-11 23:50:46.283803,220.88,45.27345164,add,O2RJ7X-AMC3Z-CHD5GE,SOL/USD
b,2024-11-12T06:50:46.644932338Z,2024-11-11 23:50:46.286603,220.85,99.61512338,add,OMRLPO-T6ATB-ZPYATK,SOL/USD
b,2024-11-12T06:50:46.647461830Z,2024-11-11 23:50:46.286716,3389.18,45.4386376,add,OMKT6O-BDBVR-FMHNW4,ETH/USD
a,2024-11-12T06:50:46.647502834Z,2024-11-11 23:50:46.286807,3390.56,73.73416503,add,OUVJWW-TZ2HA-HMUNDU,ETH/USD
b,2024-11-12T06:50:46.647551756Z,2024-11-11 23:50:46.286930,3389.07,45.440076,add,OSDU7U-U74H5-CIC7OH,ETH/USD
a,2024-11-12T06:50:46.647565203Z,2024-11-11 23:50:46.287079,3390.25,73.74098054,add,OFP5IE-NYKPJ-26MV72,ETH/USD
a,2024-11-12T06:50:46.647619405Z,2024-11-11 23:50:46.287227,3390.64,73.73240342,add,OABXVK-S65Z4-IAPTOM,ETH/USD
b,2024-11-12T06:50:46.647663568Z,2024-11-11 23:50:46.287387,3388.53,45.44735515,add,O3SWYL-CJ2MJ-BLUUVF,ETH/USD
a,2024-11-12T06:50:46.647731752Z,2024-11-11 23:50:46.292343,3391.22,73.71992996,add,OV3BUC-XHHAN-YO5NNS,ETH/USD
b,2024-11-12T06:50:46.650203776Z,2024-11-11 23:50:46.292451,3389.43,0.59006971,add,O5TYCQ-PVNTV-OOXUOQ,ETH/USD
a,2024-11-12T06:50:46.650233209Z,2024-11-11 23:50:46.292536,3390.4,2.7,add,OMUMEO-TJZIZ-UFEX55,ETH/USD
a,2024-11-12T06:50:46.650260387Z,2024-11-11 23:50:46.292665,3390.74,2.7,delete,OWLXD6-V2UJN-TM7BMT,ETH/USD
a,2024-11-12T06:50:46.647731752Z,2024-11-11 23:50:46.292665,3391.22,73.71992996,add,OV3BUC-XHHAN-YO5NNS,ETH/USD
a,2024-11-12T06:50:46.650301029Z,2024-11-11 23:50:46.292764,3390.57,2.7,delete,O4DH3B-56FHX-UYR3GD,ETH/USD
b,2024-11-12T06:50:46.651964835Z,2024-11-11 23:50:46.292855,3388.74,2.7,add,OAP4DR-WP5TX-XJHZKA,ETH/USD
a,2024-11-12T06:50:46.652273697Z,2024-11-11 23:50:46.293340,3390.25,73.74098054,delete,OFP5IE-NYKPJ-26MV72,ETH/USD
a,2024-11-12T06:50:46.336028459Z,2024-11-11 23:50:46.293340,3391.69,0.0087801,add,OQS3QQ-M7SGB-VFEJNZ,ETH/USD
b,2024-11-12T06:50:46.652303907Z,2024-11-11 23:50:46.293601,3389.18,45.4386376,delete,OMKT6O-BDBVR-FMHNW4,ETH/USD
b,2024-11-12T06:50:46.301527688Z,2024-11-11 23:50:46.293601,3387.85,0.84574642,add,OUXS4Q-MGTPB-L2PK6Z,ETH/USD
b,2024-11-12T06:50:46.652323354Z,2024-11-11 23:50:46.293798,3389.43,0.59006971,delete,O5TYCQ-PVNTV-OOXUOQ,ETH/USD
b,2024-11-12T06:50:44.649611052Z,2024-11-11 23:50:46.293798,3387.73,4.0,add,O2GLIA-QK2PC-XJNFIC,ETH/USD
a,2024-11-12T06:50:46.652361069Z,2024-11-11 23:50:46.294003,3390.56,73.73416503,delete,OUVJWW-TZ2HA-HMUNDU,ETH/USD
a,2024-11-12T06:50:44.537436069Z,2024-11-11 23:50:46.294003,3391.72,2.7,add,ONVWKG-5DCC4-ROKTA2,ETH/USD
a,2024-11-12T06:50:46.653181109Z,2024-11-11 23:50:46.294250,3390.93,2.7,add,OJPLAL-L6MWZ-KVPFST,ETH/USD
b,2024-11-12T06:50:46.654230417Z,2024-11-11 23:50:46.294423,3388.4,2.7,add,OZ4HUQ-4VS4R-YW5I2A,ETH/USD
a,2024-11-12T06:50:46.655119823Z,2024-11-11 23:50:46.294856,3390.57,2.7,delete,OWI2NS-RXQUT-LIFG6N,ETH/USD
a,2024-11-12T06:50:44.537436069Z,2024-11-11 23:50:46.294856,3391.72,2.7,add,ONVWKG-5DCC4-ROKTA2,ETH/USD
a,2024-11-12T06:50:46.655909652Z,2024-11-11 23:50:46.295062,3390.39,73.73782957,add,OOTPQV-LJORE-33Q76J,ETH/USD
a,2024-11-12T06:50:46.655931792Z,2024-11-11 23:50:46.295209,3391.0,0.16155838,add,O7C5DD-QELFG-HZ7LL6,ETH/USD
a,2024-11-12T06:50:46.661074273Z,2024-11-11 23:50:46.295437,220.94,7.909,add,OIYTFF-47XKU-JKR72R,SOL/USD
a,2024-11-12T06:50:46.680504008Z,2024-11-11 23:50:46.295537,3390.56,0.0087801,add,OQS3QQ-M7SGB-VFEJNZ,ETH/USD
b,2024-11-12T06:50:46.681669489Z,2024-11-11 23:50:46.295626,89705.0,1.71673741,add,OGC7ZA-ZKFIS-XJNZF4,BTC/USD
b,2024-11-12T06:50:46.684582036Z,2024-11-11 23:50:46.295716,89718.4,0.1330028,add,O7SURD-IEP3P-N3EFJM,BTC/USD
a,2024-11-12T06:50:46.688048992Z,2024-11-11 23:50:46.295843,0.3998767,2193.75,delete,OETGEC-PG5JO-KMK3AO,DOGE/USD
a,2024-11-12T06:50:46.687999247Z,2024-11-11 23:50:46.295843,0.4000675,7433.0,add,O47G5R-W2TR4-YPNOPX,DOGE/USD
a,2024-11-12T06:50:46.688373992Z,2024-11-11 23:50:46.296000,89763.6,0.02230074,delete,OTZ22O-2PXFV-B4QAJA,BTC/USD
a,2024-11-12T06:50:46.679515975Z,2024-11-11 23:50:46.296000,89773.0,0.3375,add,OB7RX4-UG44P-KYKD76,BTC/USD
b,2024-11-12T06:50:46.691705976Z,2024-11-11 23:50:46.296102,0.3994714,10954.70230596,add,O7H7IB-IVTQ3-KRTMVT,DOGE/USD
b,2024-11-12T06:50:46.691842115Z,2024-11-11 23:50:46.296199,0.3994722,4000.0,add,OG5WNJ-7GHDU-R3J7AE,DOGE/USD
a,2024-11-12T06:50:46.692064994Z,2024-11-11 23:50:46.296324,0.3998453,85989.33019149,delete,OLIGE7-MEWSL-ERPVW3,DOGE/USD
a,2024-11-12T06:50:44.946979208Z,2024-11-11 23:50:46.296324,0.4000767,2193.75,add,OPNBHB-PJYFB-BSPBEK,DOGE/USD
b,2024-11-12T06:50:46.693955113Z,2024-11-11 23:50:46.298771,220.84,153.95595195,add,OW6Z2F-AUA6K-VKU56G,SOL/USD
a,2024-11-12T06:50:46.694654614Z,2024-11-11 23:50:46.299261,220.94,45.26168906,delete,OMIMII-DTPB7-B7TRL5,SOL/USD
b,2024-11-12T06:50:46.695293820Z,2024-11-11 23:50:46.300070,89718.9,0.0001,add,OGIWLW-BA6RS-EB2VYR,BTC/USD
b,2024-11-12T06:50:45.920678148Z,2024-11-11 23:50:46.300640,0.3994713,229.12149252,delete,OIECY6-FJ6KA-IZY7H2,DOGE/USD
b,2024-11-12T06:50:44.756120998Z,2024-11-11 23:50:46.300640,0.3991296,2193.75,add,OXB26X-5O54N-JA3ZAW,DOGE/USD
b,2024-11-12T06:50:46.695492470Z,2024-11-11 23:50:46.300823,0.3994715,229.12137781,add,OIECY6-FJ6KA-IZY7H2,DOGE/USD
b,2024-11-12T06:50:46.695619704Z,2024-11-11 23:50:46.301251,0.3995035,7290.0,add,OJESCT-IUEIJ-EZIRSG,DOGE/USD
a,2024-11-12T06:50:46.698507048Z,2024-11-11 23:50:46.303726,0.3999167,2193.75,delete,OGJPVK-7WYKI-YYJMMS,DOGE/USD
a,2024-11-12T06:50:46.691471780Z,2024-11-11 23:50:46.303726,0.4001775,2009.56567346,add,OFE3WB-QZFOU-BWX6WT,DOGE/USD
a,2024-11-12T06:50:46.707482877Z,2024-11-11 23:50:46.310433,3390.38,73.73804706,add,ONNUGQ-MCOMW-S3SSYZ,ETH/USD
b,2024-11-12T06:50:46.707523915Z,2024-11-11 23:50:46.310609,3389.16,45.43887845,add,O5HQZM-4U3FP-GRNT5T,ETH/USD
b,2024-11-12T06:50:46.711259392Z,2024-11-11 23:50:46.313411,3389.08,2.7,add,OZXDH3-GB6J7-PWHOPR,ETH/USD
a,2024-11-12T06:50:46.711349957Z,2024-11-11 23:50:46.313562,3390.38,73.73804706,delete,ONNUGQ-MCOMW-S3SSYZ,ETH/USD
a,2024-11-12T06:50:46.626389275Z,2024-11-11 23:50:46.313562,3391.1,5.9,add,O5KA2Y-BP3O4-O3IIEY,ETH/USD
b,2024-11-12T06:50:46.728243950Z,2024-11-11 23:50:46.326272,3389.16,45.43887845,delete,O5HQZM-4U3FP-GRNT5T,ETH/USD
b,2024-11-12T06:50:46.548805011Z,2024-11-11 23:50:46.326272,3387.86,0.23844694,add,OJ2HNK-G4GCS-KV5L4W,ETH/USD
a,2024-11-12T06:50:46.739568504Z,2024-11-11 23:50:46.334065,89760.2,0.234924,add,OO3KGX-EDA5A-NRMIFB,BTC/USD
b,2024-11-12T06:50:46.742002778Z,2024-11-11 23:50:46.335126,0.3995036,10954.70230596,add,ONW3N3-TUP3E-KW4XYU,DOGE/USD
a,2024-11-12T06:50:46.742097886Z,2024-11-11 23:50:46.336492,0.3999967,2193.75,delete,OZZMGM-SYY3Z-S5R6WT,DOGE/USD
a,2024-11-12T06:50:29.683349084Z,2024-11-11 23:50:46.336492,0.4002292,2193.75,add,OTWZHW-UYESP-VBJR73,DOGE/USD
b,2024-11-12T06:50:46.746646292Z,2024-11-11 23:50:46.339169,0.3995046,4000.0,add,O4S5GJ-BTZJX-IFDZPZ,DOGE/USD
b,2024-11-12T06:50:46.747558257Z,2024-11-11 23:50:46.340409,0.3994714,10954.70230596,delete,O7H7IB-IVTQ3-KRTMVT,DOGE/USD
b,2024-11-12T06:50:45.149758679Z,2024-11-11 23:50:46.340409,0.3992968,45171.26103627,add,O4I2AF-EOWJI-6FQV2V,DOGE/USD
b,2024-11-12T06:50:46.754506700Z,2024-11-11 23:50:46.347167,89718.9,0.03990872,add,ORWBU3-K6FMH-SVQZ6V,BTC/USD
a,2024-11-12T06:50:46.770698318Z,2024-11-11 23:50:46.368017,3390.37,73.73826455,add,OFG2QK-RWG4O-DGFZDQ,ETH/USD
b,2024-11-12T06:50:46.770946253Z,2024-11-11 23:50:46.368245,3389.11,45.4395578,add,OXVPZM-37Y5A-W24QFX,ETH/USD
a,2024-11-12T06:50:46.774266127Z,2024-11-11 23:50:46.368458,3390.23,73.74142663,add,OO7GMA-EMNDT-AZKQ3R,ETH/USD
b,2024-11-12T06:50:46.776757194Z,2024-11-11 23:50:46.369840,3389.08,2.7,delete,OZXDH3-GB6J7-PWHOPR,ETH/USD
b,2024-11-12T06:50:46.548805011Z,2024-11-11 23:50:46.369840,3387.86,0.23844694,add,OJ2HNK-G4GCS-KV5L4W,ETH/USD
a,2024-11-12T06:50:46.778058458Z,2024-11-11 23:50:46.370450,220.93,45.26328551,add,OEV7UP-BV4PD-TVKBKI,SOL/USD
a,2024-11-12T06:50:46.779200502Z,2024-11-11 23:50:46.372216,3390.37,73.73826455,delete,OFG2QK-RWG4O-DGFZDQ,ETH/USD
a,2024-11-12T06:50:46.572546202Z,2024-11-11 23:50:46.372216,3391.01,0.11047704,add,ONA67G-Z4VW4-EUXCRG,ETH/USD
a,2024-11-12T06:50:46.783000023Z,2024-11-11 23:50:46.375489,89768.0,0.0377,add,O6WW66-TOWES-Q32ITU,BTC/USD
a,2024-11-12T06:50:46.789939648Z,2024-11-11 23:50:46.383817,0.4000489,4000.0,delete,OOYA2O-CHOKP-GNA6Y5,DOGE/USD
a,2024-11-12T06:50:46.018849853Z,2024-11-11 23:50:46.383817,0.4002426,4163.29036242,add,ODQJBX-D2X6K-4CA2ZJ,DOGE/USD
b,2024-11-12T06:50:46.793117156Z,2024-11-11 23:50:46.385817,0.3995047,10954.70230596,add,OROZME-SCTGL-6ZVIL4,DOGE/USD
b,2024-11-12T06:50:46.793489134Z,2024-11-11 23:50:46.386674,0.3994722,4000.0,delete,OG5WNJ-7GHDU-R3J7AE,DOGE/USD
b,2024-11-12T06:50:45.149758679Z,2024-11-11 23:50:46.386674,0.3992968,45171.26103627,add,O4I2AF-EOWJI-6FQV2V,DOGE/USD
b,2024-11-12T06:50:46.795449665Z,2024-11-11 23:50:46.388611,3389.08,2.7,add,OV23KW-6KYIG-B2X7IL,ETH/USD
a,2024-11-12T06:50:46.644254769Z,2024-11-11 23:50:46.396419,89761.8,0.01147803,delete,OMOLGE-N7VR4-6S2FFO,BTC/USD
a,2024-11-12T06:50:46.623630762Z,2024-11-11 23:50:46.396419,89772.6,0.01918709,add,O5X6WV-TIVHS-JDMT7K,BTC/USD
a,2024-11-12T06:50:46.798277633Z,2024-11-11 23:50:46.396516,89760.1,0.01147803,add,OMOLGE-N7VR4-6S2FFO,BTC/USD
a,2024-11-12T06:50:46.814110274Z,2024-11-11 23:50:46.407279,3390.4,2.7,delete,OMUMEO-TJZIZ-UFEX55,ETH/USD
a,2024-11-12T06:50:46.626389275Z,2024-11-11 23:50:46.407279,3391.1,5.9,add,O5KA2Y-BP3O4-O3IIEY,ETH/USD
b,2024-11-12T06:50:46.814937262Z,2024-11-11 23:50:46.407501,3389.42,2.7,add,OX246Y-5DWMF-CIRQ3H,ETH/USD
a,2024-11-12T06:50:46.816502085Z,2024-11-11 23:50:46.410026,3390.73,0.84574642,delete,OEQC52-4O55L-LELAOV,ETH/USD
a,2024-11-12T06:50:46.647731752Z,2024-11-11 23:50:46.410026,3391.22,73.71992996,add,OV3BUC-XHHAN-YO5NNS,ETH/USD
b,2024-11-12T06:50:46.823653416Z,2024-11-11 23:50:46.417919,3389.11,45.4395578,delete,OXVPZM-37Y5A-W24QFX,ETH/USD
b,2024-11-12T06:50:46.548805011Z,2024-11-11 23:50:46.417919,3387.86,0.23844694,add,OJ2HNK-G4GCS-KV5L4W,ETH/USD
a,2024-11-12T06:50:46.823971587Z,2024-11-11 23:50:46.418413,220.93,45.26328551,delete,OEV7UP-BV4PD-TVKBKI,SOL/USD
a,2024-11-12T06:49:38.485171858Z,2024-11-11 23:50:46.418413,221.07,0.08346217,add,O6LV7C-QVOJ6-SWFKP7,SOL/USD
a,2024-11-12T06:50:46.825040397Z,2024-11-11 23:50:46.419630,3390.64,73.73240342,delete,OABXVK-S65Z4-IAPTOM,ETH/USD
a,2024-11-12T06:50:44.537436069Z,2024-11-11 23:50:46.419630,3391.72,2.7,add,ONVWKG-5DCC4-ROKTA2,ETH/USD
a,2024-11-12T06:50:46.826152714Z,2024-11-11 23:50:46.421197,0.4001775,2009.56567346,delete,OFE3WB-QZFOU-BWX6WT,DOGE/USD
a,2024-11-12T06:50:44.510816193Z,2024-11-11 23:50:46.421197,0.4002427,14990.90653371,add,OY4ERO-5KBJY-DCLSKG,DOGE/USD
b,2024-11-12T06:50:46.826712255Z,2024-11-11 23:50:46.421327,3387.87,4.0,add,OJ2B4U-IWZEW-Y4W6ZG,ETH/USD
a,2024-11-12T06:50:46.827629083Z,2024-11-11 23:50:46.423120,220.95,45.26016982,add,OPNPLV-47UCI-V2YZPP,SOL/USD
a,2024-11-12T06:50:46.830997375Z,2024-11-11 23:50:46.426542,0.4002427,14990.90653371,delete,OY4ERO-5KBJY-DCLSKG,DOGE/USD
a,2024-11-12T06:50:44.075777414Z,2024-11-11 23:50:46.426542,0.4002682,5631.01938712,add,OCBYWJ-O6IDP-WEUQ2V,DOGE/USD
b,2024-11-12T06:50:46.831281326Z,2024-11-11 23:50:46.426658,3389.15,45.43908396,add,OWZQHF-6SWVE-QNTF77,ETH/USD
b,2024-11-12T06:50:46.846063126Z,2024-11-11 23:50:46.439116,3389.15,45.43908396,delete,OWZQHF-6SWVE-QNTF77,ETH/USD
b,2024-11-12T06:50:46.826712255Z,2024-11-11 23:50:46.439116,3387.87,4.0,add,OJ2B4U-IWZEW-Y4W6ZG,ETH/USD
a,2024-11-12T06:50:46.846154876Z,2024-11-11 23:50:46.439619,3390.23,73.74142663,delete,OO7GMA-EMNDT-AZKQ3R,ETH/USD
a,2024-11-12T06:50:44.645640795Z,2024-11-11 23:50:46.439619,3391.96,1.32379775,add,OLVIAT-2AJU6-YM7UHR,ETH/USD
a,2024-11-12T06:50:46.846942617Z,2024-11-11 23:50:46.439894,89761.9,0.278702,delete,OJ2UXL-G4YAX-M2MHQB,BTC/USD
a,2024-11-12T06:50:46.623630762Z,2024-11-11 23:50:46.439894,89772.6,0.01918709,add,O5X6WV-TIVHS-JDMT7K,BTC/USD
b,2024-11-12T06:50:46.846971908Z,2024-11-11 23:50:46.446432,3389.07,45.440076,delete,OSDU7U-U74H5-CIC7OH,ETH/USD
b,2024-11-12T06:50:46.548805011Z,2024-11-11 23:50:46.446432,3387.86,0.23844694,add,OJ2HNK-G4GCS-KV5L4W,ETH/USD
a,2024-11-12T06:50:46.847317272Z,2024-11-11 23:50:46.446619,89760.2,0.234924,delete,OO3KGX-EDA5A-NRMIFB,BTC/USD
a,2024-11-12T06:50:45.171236068Z,2024-11-11 23:50:46.446619,89782.5,4.2365124,add,OYSVXG-UZZGY-237WSD,BTC/USD
b,2024-11-12T06:50:46.850948258Z,2024-11-11 23:50:46.446741,3388.92,0.05900978,add,OUP2MC-EBBS6-ULWW7A,ETH/USD
b,2024-11-12T06:50:46.853431856Z,2024-11-11 23:50:46.446881,89718.9,0.0001,delete,OGIWLW-BA6RS-EB2VYR,BTC/USD
a,2024-11-12T06:50:46.853651764Z,2024-11-11 23:50:46.447170,89735.1,0.0001,delete,O27ZSK-EMXA5-DCJL7V,BTC/USD
a,2024-11-12T06:49:14.237444435Z,2024-11-11 23:50:46.447170,89783.1,1.4362763,add,OJEQEI-XSZSI-2VFILN,BTC/USD
a,2024-11-12T06:49:23.623278670Z,2024-11-11 23:50:46.447170,89783.1,0.009,add,O6JSYI-R66F7-BEQUGA,BTC/USD
a,2024-11-12T06:49:58.598250522Z,2024-11-11 23:50:46.447170,89783.1,0.03,add,OYN5GA-JOB5B-ZBGVHK,BTC/USD
a,2024-11-12T06:50:03.945658575Z,2024-11-11 23:50:46.447170,89783.1,0.3375,add,OA5AA7-EZMYH-QSTOPE,BTC/USD
a,2024-11-12T06:50:46.853762701Z,2024-11-11 23:50:46.447393,3390.39,73.73782957,delete,OOTPQV-LJORE-33Q76J,ETH/USD
a,2024-11-12T06:50:45.037276713Z,2024-11-11 23:50:46.447393,3392.49,1.472,add,OFPWIZ-FNSMP-DUH5BO,ETH/USD
a,2024-11-12T06:50:45.039269800Z,2024-11-11 23:50:46.447393,3392.49,2.956,add,OZ73BX-QCKBR-OLLTFD,ETH/USD
a,2024-11-12T06:50:46.798277633Z,2024-11-11 23:50:46.453410,89760.1,0.01147803,delete,OMOLGE-N7VR4-6S2FFO,BTC/USD
a,2024-11-12T06:50:46.842586527Z,2024-11-11 23:50:46.453410,89787.0,2.78437013,add,OER5HA-2CWV3-LAJCYG,BTC/USD
a,2024-11-12T06:50:46.858829550Z,2024-11-11 23:50:46.453646,89764.8,0.01147803,add,OMOLGE-N7VR4-6S2FFO,BTC/USD
a,2024-11-12T06:50:46.859339957Z,2024-11-11 23:50:46.453805,3390.52,73.73512393,add,OXAX4K-CGKR2-DGAD4G,ETH/USD
a,2024-11-12T06:50:46.861708655Z,2024-11-11 23:50:46.454500,3390.93,2.7,delete,OJPLAL-L6MWZ-KVPFST,ETH/USD
a,2024-11-12T06:50:45.037276713Z,2024-11-11 23:50:46.454500,3392.49,1.472,add,OFPWIZ-FNSMP-DUH5BO,ETH/USD
a,2024-11-12T06:50:45.039269800Z,2024-11-11 23:50:46.454500,3392.49,2.956,add,OZ73BX-QCKBR-OLLTFD,ETH/USD
b,2024-11-12T06:50:46.864086205Z,2024-11-11 23:50:46.456936,3389.42,2.7,add,OL66CE-ZQKGF-I7TUOL,ETH/USD
a,2024-11-12T06:50:46.865186224Z,2024-11-11 23:50:46.458336,3390.51,73.73524152,add,O6QLLK-HA622-VSVOSU,ETH/USD
a,2024-11-12T06:50:46.865578063Z,2024-11-11 23:50:46.458454,3391.2,2.7,add,OBRAFJ-MKMFU-ADC3LB,ETH/USD
b,2024-11-12T06:50:46.866411102Z,2024-11-11 23:50:46.463755,3389.42,2.7,delete,OL66CE-ZQKGF-I7TUOL,ETH/USD
a,2024-11-12T06:50:46.867019076Z,2024-11-11 23:50:46.464014,3390.52,73.73512393,delete,OXAX4K-CGKR2-DGAD4G,ETH/USD
a,2024-11-12T06:50:44.645640795Z,2024-11-11 23:50:46.464014,3391.96,1.32379775,add,OLVIAT-2AJU6-YM7UHR,ETH/USD
a,2024-11-12T06:50:46.867142009Z,2024-11-11 23:50:46.464194,3391.22,73.71992996,delete,OV3BUC-XHHAN-YO5NNS,ETH/USD
a,2024-11-12T06:50:45.037276713Z,2024-11-11 23:50:46.464194,3392.49,1.472,add,OFPWIZ-FNSMP-DUH5BO,ETH/USD
a,2024-11-12T06:50:45.039269800Z,2024-11-11 23:50:46.464194,3392.49,2.956,add,OZ73BX-QCKBR-OLLTFD,ETH/USD
b,2024-11-12T06:50:46.867152980Z,2024-11-11 23:50:46.464388,3388.53,45.44735515,delete,O3SWYL-CJ2MJ-BLUUVF,ETH/USD
b,2024-11-12T06:50:46.301527688Z,2024-11-11 23:50:46.464388,3387.85,0.84574642,add,OUXS4Q-MGTPB-L2PK6Z,ETH/USD
b,2024-11-12T06:50:46.868154953Z,2024-11-11 23:50:46.464555,3388.92,0.05900978,delete,OUP2MC-EBBS6-ULWW7A,ETH/USD
b,2024-11-12T06:50:46.871312617Z,2024-11-11 23:50:46.465575,3388.92,0.0590097,add,O564OY-VA5BQ-E4QSMB,ETH/USD
a,2024-11-12T06:50:46.871653172Z,2024-11-11 23:50:46.466010,3390.51,73.73524152,delete,O6QLLK-HA622-VSVOSU,ETH/USD
a,2024-11-12T06:50:45.001764838Z,2024-11-11 23:50:46.466010,3392.5,73.69196974,add,O7KSEL-QULB4-NSHO24,ETH/USD
a,2024-11-12T06:50:46.872191059Z,2024-11-11 23:50:46.466515,3391.1,5.9,delete,O5KA2Y-BP3O4-O3IIEY,ETH/USD
a,2024-11-12T06:50:44.883729207Z,2024-11-11 23:50:46.466515,3392.51,18.43446807,add,OXRX4K-RP777-5OB22F,ETH/USD
a,2024-11-12T06:50:46.873449425Z,2024-11-11 23:50:46.468364,3390.91,0.11047704,delete,OFNIXM-PJ6HN-KGG2PN,ETH/USD
a,2024-11-12T06:50:44.536822405Z,2024-11-11 23:50:46.468364,3392.52,1.0,add,OBC63I-ECBZX-65EN67,ETH/USD
a,2024-11-12T06:50:46.873529330Z,2024-11-11 23:50:46.468545,3391.01,0.11047704,delete,ONA67G-Z4VW4-EUXCRG,ETH/USD
a,2024-11-12T06:50:44.535051540Z,2024-11-11 23:50:46.468545,3392.53,2.7,add,OXCOHO-IQURI-HLEBUD,ETH/USD
a,2024-11-12T06:50:44.535700668Z,2024-11-11 23:50:46.468545,3392.53,0.25958921,add,O5TB2V-GMO5I-UE4LC6,ETH/USD
a,2024-11-12T06:50:46.873937643Z,2024-11-11 23:50:46.468681,3392.49,2.956,delete,OZ73BX-QCKBR-OLLTFD,ETH/USD
a,2024-11-12T06:50:46.874336854Z,2024-11-11 23:50:46.468945,3392.49,1.472,delete,OFPWIZ-FNSMP-DUH5BO,ETH/USD
a,2024-11-12T06:50:45.652947492Z,2024-11-11 23:50:46.468945,3392.74,4.425,add,ONAE5T-T26OG-N3NZAZ,ETH/USD
a,2024-11-12T06:50:46.874735991Z,2024-11-11 23:50:46.469053,220.95,45.26016982,delete,OPNPLV-47UCI-V2YZPP,SOL/USD
a,2024-11-12T06:50:46.680504008Z,2024-11-11 23:50:46.470310,3390.56,0.0087801,delete,OQS3QQ-M7SGB-VFEJNZ,ETH/USD
a,2024-11-12T06:50:44.340256881Z,2024-11-11 23:50:46.470310,3392.75,2.35797454,add,OQ7GAO-24SMH-X4FXCH,ETH/USD
a,2024-11-12T06:50:46.874983264Z,2024-11-11 23:50:46.470551,3390.9,0.0087801,add,OQS3QQ-M7SGB-VFEJNZ,ETH/USD
a,2024-11-12T06:50:46.875514099Z,2024-11-11 23:50:46.471258,3391.2,2.7,delete,OBRAFJ-MKMFU-ADC3LB,ETH/USD
a,2024-11-12T06:50:44.340256881Z,2024-11-11 23:50:46.471258,3392.75,2.35797454,add,OQ7GAO-24SMH-X4FXCH,ETH/USD
b,2024-11-12T06:50:45.903113027Z,2024-11-11 23:50:46.471732,220.78,0.19018916,delete,OR2243-TF3BK-7FHXGZ,SOL/USD
b,2024-11-12T06:50:46.876304628Z,2024-11-11 23:50:46.471899,220.79,0.19018054,add,OR2243-TF3BK-7FHXGZ,SOL/USD
a,2024-11-12T06:50:46.877124917Z,2024-11-11 23:50:46.472156,3392.73,1.472,add,OQHGRB-ZGPGG-D5X67B,ETH/USD
a,2024-11-12T06:50:46.878699577Z,2024-11-11 23:50:46.473753,220.94,45.26207664,add,ODW62F-F5P6J-S27KH2,SOL/USD
b,2024-11-12T06:50:46.879479325Z,2024-11-11 23:50:46.474431,220.75,1.22237986,delete,OOWY7R-735UK-WD52FY,SOL/USD
a,2024-11-12T06:50:46.883447930Z,2024-11-11 23:50:46.479150,89783.1,0.3375,delete,OA5AA7-EZMYH-QSTOPE,BTC/USD
a,2024-11-12T06:50:46.884371080Z,2024-11-11 23:50:46.480745,3392.74,4.425,delete,ONAE5T-T26OG-N3NZAZ,ETH/USD
a,2024-11-12T06:50:44.340256881Z,2024-11-11 23:50:46.480745,3392.75,2.35797454,add,OQ7GAO-24SMH-X4FXCH,ETH/USD
a,2024-11-12T06:50:46.890315064Z,2024-11-11 23:50:46.488894,220.95,135.7780053,delete,OO7DX6-EIZB3-4KFKY5,SOL/USD
a,2024-11-12T06:50:39.867039066Z,2024-11-11 23:50:46.488894,221.09,452.32039646,add,OC4QEP-4EJJY-PJXFWX,SOL/USD
a,2024-11-12T06:50:46.890337411Z,2024-11-11 23:50:46.489001,220.98,226.27270839,delete,OILTI3-DBP2G-A2ZQR4,SOL/USD
a,2024-11-12T06:50:46.890399168Z,2024-11-11 23:50:46.489340,220.94,45.26207664,delete,ODW62F-F5P6J-S27KH2,SOL/USD
a,2024-11-12T06:50:46.874983264Z,2024-11-11 23:50:46.498234,3390.9,0.0087801,delete,OQS3QQ-M7SGB-VFEJNZ,ETH/USD
a,2024-11-12T06:50:46.871596471Z,2024-11-11 23:50:46.498234,3392.78,13.88003499,add,OOHXL7-XUKLU-LUVS57,ETH/USD
a,2024-11-12T06:50:46.895062273Z,2024-11-11 23:50:46.498400,3390.99,0.0087801,add,OQS3QQ-M7SGB-VFEJNZ,ETH/USD
a,2024-11-12T06:50:46.897736162Z,2024-11-11 23:50:46.500460,3392.75,2.35797454,delete,OQ7GAO-24SMH-X4FXCH,ETH/USD
a,2024-11-12T06:50:46.871596471Z,2024-11-11 23:50:46.500460,3392.78,13.88003499,add,OOHXL7-XUKLU-LUVS57,ETH/USD
a,2024-11-12T06:50:46.899337262Z,2024-11-11 23:50:46.502882,221.0,135.75178241,add,OKUF44-ILJ3F-TD6HOB,SOL/USD
a,2024-11-12T06:50:46.899546518Z,2024-11-11 23:50:46.530050,221.03,226.22053705,add,O3NJJ2-QWR5W-OKGM4M,SOL/USD
b,2024-11-12T06:50:46.900588957Z,2024-11-11 23:50:46.530852,0.3993624,30000.0,add,O3HQY7-PB7ZZ-WLMWPV,DOGE/USD
a,2024-11-12T06:50:46.901570742Z,2024-11-11 23:50:46.530998,0.4002682,5631.01938712,delete,OCBYWJ-O6IDP-WEUQ2V,DOGE/USD
a,2024-11-12T06:50:35.613635914Z,2024-11-11 23:50:46.530998,0.4002692,2193.75,add,OWTYTB-NDWCD-I43OGL,DOGE/USD
b,2024-11-12T06:50:46.904212942Z,2024-11-11 23:50:46.531094,3388.56,0.84574642,add,OESDO3-YOVAP-SLNBW2,ETH/USD
b,2024-11-12T06:50:46.908646096Z,2024-11-11 23:50:46.531185,220.84,8.502365,add,OORGAI-4DMIU-L7CZN7,SOL/USD
b,2024-11-12T06:50:46.914054283Z,2024-11-11 23:50:46.531276,0.3997166,3750.95121116,add,OJTW5F-EO2Z4-XQATOL,DOGE/USD
a,2024-11-12T06:50:46.917748862Z,2024-11-11 23:50:46.531367,221.01,10.19004433,delete,O2VJUG-XMQND-D42JAW,SOL/USD
a,2024-11-12T06:50:46.919749819Z,2024-11-11 23:50:46.531507,3391.96,1.32379775,delete,OLVIAT-2AJU6-YM7UHR,ETH/USD
a,2024-11-12T06:50:44.883626777Z,2024-11-11 23:50:46.531507,3392.88,47.21581649,add,OU4E5R-GKFZF-PZSUPX,ETH/USD
a,2024-11-12T06:50:46.921068608Z,2024-11-11 23:50:46.541904,220.94,7.909,delete,OIYTFF-47XKU-JKR72R,SOL/USD
a,2024-11-12T06:50:39.867039066Z,2024-11-11 23:50:46.541904,221.09,452.32039646,add,OC4QEP-4EJJY-PJXFWX,SOL/USD
b,2024-11-12T06:50:46.926556226Z,2024-11-11 23:50:46.542039,0.3995036,10954.70230596,delete,ONW3N3-TUP3E-KW4XYU,DOGE/USD
b,2024-11-12T06:50:46.513183783Z,2024-11-11 23:50:46.542039,0.3993439,9595.39421078,add,O5H7KR-BT3CL-NIXWDZ,DOGE/USD
b,2024-11-12T06:50:46.929553651Z,2024-11-11 23:50:46.542183,0.3993623,63055.94979587,delete,OMGFYX-JJZCK-HY4UUY,DOGE/USD
b,2024-11-12T06:50:45.149758679Z,2024-11-11 23:50:46.542183,0.3992968,45171.26103627,add,O4I2AF-EOWJI-6FQV2V,DOGE/USD
b,2024-11-12T06:50:46.930349785Z,2024-11-11 23:50:46.547868,3388.92,0.0590097,delete,O564OY-VA5BQ-E4QSMB,ETH/USD
a,2024-11-12T06:50:46.326976605Z,2024-11-11 23:50:46.553444,220.89,0.05310886,delete,OTIWSF-LGU7J-3TVJX3,SOL/USD
a,2024-11-12T06:50:45.557028277Z,2024-11-11 23:50:46.553444,221.12,36.17997873,add,OCYDLD-76D37-ZC653M,SOL/USD
a,2024-11-12T06:50:46.937518459Z,2024-11-11 23:50:46.553549,220.97,0.05310886,add,OTIWSF-LGU7J-3TVJX3,SOL/USD
a,2024-11-12T06:50:46.937675999Z,2024-11-11 23:50:46.553667,221.02,18.11513575,add,OVY5CI-S5OE7-RLAP2L,SOL/USD
a,2024-11-12T06:50:46.939956622Z,2024-11-11 23:50:46.556540,0.4000675,7433.0,delete,O47G5R-W2TR4-YPNOPX,DOGE/USD
a,2024-11-12T06:50:45.934044863Z,2024-11-11 23:50:46.556540,0.4002893,180030.23799856,add,OFOT34-MUY6V-UCZYWL,DOGE/USD
a,2024-11-12T06:50:46.943050304Z,2024-11-11 23:50:46.560665,0.3999094,11506.02453596,add,OPAFHF-OGB27-PIRX6Z,DOGE/USD
b,2024-11-12T06:50:46.943109749Z,2024-11-11 23:50:46.561055,0.3997081,13904.43204483,add,O36L5K-PKMKA-2ESVGX,DOGE/USD
b,2024-11-12T06:50:46.943177652Z,2024-11-11 23:50:46.561147,0.3997004,10884.6698155,add,ONVHHU-MHLJ7-XJVDPX,DOGE/USD
a,2024-11-12T06:50:46.943227265Z,2024-11-11 23:50:46.561245,0.3999393,13899.64244435,add,OYNVON-LA2TC-HSC4PA,DOGE/USD
b,2024-11-12T06:50:46.943271370Z,2024-11-11 23:50:46.561331,0.399684,15518.96715865,add,OTCAMU-O5JPW-26SMUB,DOGE/USD
a,2024-11-12T06:50:46.943333236Z,2024-11-11 23:50:46.561414,0.4000601,88664.41369313,add,OL6XWE-WZAZI-ERJYPM,DOGE/USD
b,2024-11-12T06:50:46.943417307Z,2024-11-11 23:50:46.561512,0.3996555,24059.6617075,add,OUVDNB-GCGQO-EHZ4EY,DOGE/USD
b,2024-11-12T06:50:46.943611465Z,2024-11-11 23:50:46.561609,0.3995068,64417.3509898,add,OMALN7-KGKRX-CUMKRK,DOGE/USD
b,2024-11-12T06:50:46.944078943Z,2024-11-11 23:50:46.562537,0.3996155,27007.26513062,add,OTXLF6-VB6BO-T7KN7T,DOGE/USD
b,2024-11-12T06:50:46.951920323Z,2024-11-11 23:50:46.574637,220.88,45.27345164,delete,O2RJ7X-AMC3Z-CHD5GE,SOL/USD
b,2024-11-12T06:50:46.951990859Z,2024-11-11 23:50:46.574849,220.87,45.27440021,delete,O7EKGH-D73PO-AVFFG5,SOL/USD
b,2024-11-12T06:50:42.650626041Z,2024-11-11 23:50:46.574849,220.74,2.29445486,add,OEOGDC-CWYZW-L3YQFY,SOL/USD
b,2024-11-12T06:50:46.089642011Z,2024-11-11 23:50:46.574849,220.74,55.53682392,add,OBZZ4O-WERO3-25QLCD,SOL/USD
b,2024-11-12T06:50:46.952021718Z,2024-11-11 23:50:46.575022,220.85,99.61512338,delete,OMRLPO-T6ATB-ZPYATK,SOL/USD
b,2024-11-12T06:50:39.235802325Z,2024-11-11 23:50:46.575022,220.73,113.22625228,add,OGNKHC-JX36D-NZ3RJ5,SOL/USD
b,2024-11-12T06:50:39.523493199Z,2024-11-11 23:50:46.575022,220.73,3.82954227,add,OXIUMN-JDBBK-S4ERG2,SOL/USD
a,2024-11-12T06:50:46.954957696Z,2024-11-11 23:50:46.579020,89768.0,0.0377,delete,O6WW66-TOWES-Q32ITU,BTC/USD
a,2024-11-12T06:50:46.953346119Z,2024-11-11 23:50:46.579020,89784.0,0.0377,add,OJBKGW-R77HK-KP7HWZ,BTC/USD
b,2024-11-12T06:50:46.956816196Z,2024-11-11 23:50:46.581474,220.82,10.19004433,add,ORFAVZ-O6SEC-NTQZDD,SOL/USD
b,2024-11-12T06:50:46.957353933Z,2024-11-11 23:50:46.582067,220.92,45.26520064,add,OOLM64-JVYTA-OADXQM,SOL/USD
b,2024-11-12T06:50:46.957448493Z,2024-11-11 23:50:46.582157,220.92,45.26349012,add,OLH3ZV-CH5RW-B2K4TV,SOL/USD
b,2024-11-12T06:50:46.957522204Z,2024-11-11 23:50:46.582327,220.9,99.59196406,add,OQY6EX-RIZPV-HRSNDY,SOL/USD
a,2024-11-12T06:50:46.958478736Z,2024-11-11 23:50:46.583752,89784.0,0.0377,delete,OJBKGW-R77HK-KP7HWZ,BTC/USD
a,2024-11-12T06:50:03.874697072Z,2024-11-11 23:50:46.583752,89792.1,0.3375,add,O5HD6C-7MJDD-MC5T4J,BTC/USD
a,2024-11-12T06:50:46.958851832Z,2024-11-11 23:50:46.584664,0.3999393,13899.64244435,delete,OYNVON-LA2TC-HSC4PA,DOGE/USD
a,2024-11-12T06:50:46.018849853Z,2024-11-11 23:50:46.584664,0.4002426,4163.29036242,add,ODQJBX-D2X6K-4CA2ZJ,DOGE/USD
a,2024-11-12T06:50:46.960791945Z,2024-11-11 23:50:46.587406,89772.6,0.01918709,delete,O5X6WV-TIVHS-JDMT7K,BTC/USD
a,2024-11-12T06:50:46.960070397Z,2024-11-11 23:50:46.587406,89797.4,2.78404718,add,OWPSPK-VTZK2-T4MXQR,BTC/USD
a,2024-11-12T06:50:46.961987900Z,2024-11-11 23:50:46.589828,0.3999094,11506.02453596,delete,OPAFHF-OGB27-PIRX6Z,DOGE/USD
a,2024-11-12T06:50:35.613635914Z,2024-11-11 23:50:46.589828,0.4002692,2193.75,add,OWTYTB-NDWCD-I43OGL,DOGE/USD
b,2024-11-12T06:50:46.962710825Z,2024-11-11 23:50:46.591164,220.92,45.26520064,delete,OOLM64-JVYTA-OADXQM,SOL/USD
b,2024-11-12T06:50:46.962862117Z,2024-11-11 23:50:46.591327,220.92,45.26349012,delete,OLH3ZV-CH5RW-B2K4TV,SOL/USD
b,2024-11-12T06:50:41.082354311Z,2024-11-11 23:50:46.591327,220.75,32.54,add,O6KT6D-YRNRZ-UX5D3V,SOL/USD
a,2024-11-12T06:50:46.964705493Z,2024-11-11 23:50:46.595026,0.3999692,70593.27385417,delete,OEODNS-KAW36-S4YRKB,DOGE/USD
a,2024-11-12T06:50:45.934044863Z,2024-11-11 23:50:46.595026,0.4002893,180030.23799856,add,OFOT34-MUY6V-UCZYWL,DOGE/USD
a,2024-11-12T06:50:46.937518459Z,2024-11-11 23:50:46.595369,220.97,0.05310886,delete,OTIWSF-LGU7J-3TVJX3,SOL/USD
a,2024-11-12T06:50:39.867039066Z,2024-11-11 23:50:46.595369,221.09,452.32039646,add,OC4QEP-4EJJY-PJXFWX,SOL/USD
a,2024-11-12T06:50:46.964726479Z,2024-11-11 23:50:46.595553,220.93,0.05310886,add,OTIWSF-LGU7J-3TVJX3,SOL/USD
a,2024-11-12T06:50:46.967769671Z,2024-11-11 23:50:46.597309,89797.4,2.78404718,delete,OWPSPK-VTZK2-T4MXQR,BTC/USD
a,2024-11-12T06:50:46.937639395Z,2024-11-11 23:50:46.597309,89798.6,2.78401082,add,OGRJKA-JRLI6-Q6BKAZ,BTC/USD
b,2024-11-12T06:50:46.969783075Z,2024-11-11 23:50:46.600692,0.3997166,10954.70230596,add,O7US4P-UCUTC-WY2OM4,DOGE/USD
a,2024-11-12T06:50:46.971076834Z,2024-11-11 23:50:46.602367,89798.6,2.78401082,delete,OGRJKA-JRLI6-Q6BKAZ,BTC/USD
a,2024-11-12T06:50:03.170677255Z,2024-11-11 23:50:46.602367,89798.9,5.56799789,add,OJPJHU-UMQIA-Y2CATL,BTC/USD
a,2024-11-12T06:50:46.972006488Z,2024-11-11 23:50:46.603222,0.3999555,14898.29440352,add,OHHKRX-GIALJ-5OG65T,DOGE/USD
a,2024-11-12T06:50:46.972127158Z,2024-11-11 23:50:46.603319,0.4001749,56488.18472987,add,OAUR3E-Y3W2R-QSXJU4,DOGE/USD
a,2024-11-12T06:50:46.973621366Z,2024-11-11 23:50:46.605931,0.4000598,7290.0,delete,OPWRLL-PHFZO-K66RH6,DOGE/USD
a,2024-11-12T06:50:35.613635914Z,2024-11-11 23:50:46.605931,0.4002692,2193.75,add,OWTYTB-NDWCD-I43OGL,DOGE/USD
a,2024-11-12T06:50:46.964726479Z,2024-11-11 23:50:46.606159,220.93,0.05310886,delete,OTIWSF-LGU7J-3TVJX3,SOL/USD
a,2024-11-12T06:50:39.867039066Z,2024-11-11 23:50:46.606159,221.09,452.32039646,add,OC4QEP-4EJJY-PJXFWX,SOL/USD
a,2024-11-12T06:50:46.973925251Z,2024-11-11 23:50:46.606314,220.97,0.05310886,add,OTIWSF-LGU7J-3TVJX3,SOL/USD
a,2024-11-12T06:50:46.858829550Z,2024-11-11 23:50:46.610953,89764.8,0.01147803,delete,OMOLGE-N7VR4-6S2FFO,BTC/USD
a,2024-11-12T06:50:46.976209248Z,2024-11-11 23:50:46.610953,89799.4,2.78398478,add,OCE3S7-KDUGQ-BSKBWF,BTC/USD
a,2024-11-12T06:50:46.978672506Z,2024-11-11 23:50:46.611131,89782.4,0.01147803,add,OMOLGE-N7VR4-6S2FFO,BTC/USD
a,2024-11-12T06:50:46.979816109Z,2024-11-11 23:50:46.611641,220.98,45.25410679,add,O6FSO2-B4AZZ-QTRS66,SOL/USD
a,2024-11-12T06:50:46.984509309Z,2024-11-11 23:50:46.617340,3392.73,1.472,delete,OQHGRB-ZGPGG-D5X67B,ETH/USD
a,2024-11-12T06:50:46.919939831Z,2024-11-11 23:50:46.617340,3392.9,1.32379775,add,OIIV2I-MA3CO-S7OC6L,ETH/USD
b,2024-11-12T06:50:46.986744768Z,2024-11-11 23:50:46.621906,89719.9,4.036e-05,add,OABIJH-6D54T-AKA5ML,BTC/USD
a,2024-11-12T06:50:46.986744782Z,2024-11-11 23:50:46.621906,89719.0,0.0,delete,O7HBZK-HGEBK-EUAPGR,BTC/USD
a,2024-11-12T06:50:46.976209248Z,2024-11-11 23:50:46.621906,89799.4,2.78398478,add,OCE3S7-KDUGQ-BSKBWF,BTC/USD
b,2024-11-12T06:50:46.986744798Z,2024-11-11 23:50:46.622198,89719.9,4.036e-05,delete,OABIJH-6D54T-AKA5ML,BTC/USD
b,2024-11-12T06:50:46.539839416Z,2024-11-11 23:50:46.622198,89704.9,0.25,add,OWSMX5-6HTUB-EI6IZG,BTC/USD
b,2024-11-12T06:50:46.541054735Z,2024-11-11 23:50:46.622198,89704.9,0.4,add,OT2MML-RTVVR-PJ65FM,BTC/USD
b,2024-11-12T06:50:46.989275390Z,2024-11-11 23:50:46.622404,89718.9,0.48,delete,OJ3BXA-NU6OO-L45RAL,BTC/USD
b,2024-11-12T06:50:46.989538592Z,2024-11-11 23:50:46.622566,89733.9,0.19361857,add,OATCSI-MLFVR-ELTJTL,BTC/USD
b,2024-11-12T06:50:46.989582032Z,2024-11-11 23:50:46.622710,89723.3,0.3375,add,O55JU7-ANXV7-FUJUDS,BTC/USD
b,2024-11-12T06:50:46.989594704Z,2024-11-11 23:50:46.622837,89720.4,0.48,add,OR7EJK-7OO77-E2DDYR,BTC/USD
a,2024-11-12T06:50:46.989607148Z,2024-11-11 23:50:46.623066,89792.1,0.3375,delete,O5HD6C-7MJDD-MC5T4J,BTC/USD
a,2024-11-12T06:50:46.774677770Z,2024-11-11 23:50:46.623066,89800.7,0.03751,add,ONIJUJ-3WSAI-ZEV6FK,BTC/USD
a,2024-11-12T06:50:46.989691131Z,2024-11-11 23:50:46.628857,89780.9,0.48,add,O2UEF6-BU7E4-YC4KIX,BTC/USD
b,2024-11-12T06:50:46.989938277Z,2024-11-11 23:50:46.629098,89727.8,0.3375,add,OVA6TY-WDDLR-QMITTO,BTC/USD
b,2024-11-12T06:50:46.990146389Z,2024-11-11 23:50:46.629643,89733.9,1.78203059,add,OLFKF3-45F4T-B3P7KS,BTC/USD
b,2024-11-12T06:50:46.990494613Z,2024-11-11 23:50:46.629835,89719.0,0.4,add,O3B5DK-DN7QW-MTM5XV,BTC/USD
b,2024-11-12T06:50:46.990566455Z,2024-11-11 23:50:46.629947,89718.9,0.19365094,delete,OPY3HR-WJGIO-WHRDKZ,BTC/USD
a,2024-11-12T06:50:46.990962709Z,2024-11-11 23:50:46.630070,89792.0,0.01918709,add,OAXNHR-QHNZX-F6XTCF,BTC/USD
b,2024-11-12T06:50:46.991130533Z,2024-11-11 23:50:46.630261,89716.3,3.3884573,delete,OY6M6O-Y3OSH-YTRE4X,BTC/USD
b,2024-11-12T06:50:46.540317916Z,2024-11-11 23:50:46.630261,89713.7,0.3375,add,OVYJZD-VB42T-SV7GH6,BTC/USD
b,2024-11-12T06:50:46.991163286Z,2024-11-11 23:50:46.630425,89718.3,1.71648233,delete,OXC5SC-NKHDJ-HGKJZF,BTC/USD
b,2024-11-12T06:50:46.573929769Z,2024-11-11 23:50:46.630425,89712.1,3.38861725,add,O3QKTF-K5URN-P5RL5M,BTC/USD
b,2024-11-12T06:50:46.991231545Z,2024-11-11 23:50:46.630576,89712.1,3.38861725,delete,O3QKTF-K5URN-P5RL5M,BTC/USD
b,2024-11-12T06:50:46.681669489Z,2024-11-11 23:50:46.630576,89705.0,1.71673741,add,OGC7ZA-ZKFIS-XJNZF4,BTC/USD
a,2024-11-12T06:50:46.991550416Z,2024-11-11 23:50:46.631187,0.3999555,14898.29440352,delete,OHHKRX-GIALJ-5OG65T,DOGE/USD
a,2024-11-12T06:50:45.934044863Z,2024-11-11 23:50:46.631187,0.4002893,180030.23799856,add,OFOT34-MUY6V-UCZYWL,DOGE/USD
a,2024-11-12T06:50:46.991732267Z,2024-11-11 23:50:46.631372,0.4000601,88664.41369313,delete,OL6XWE-WZAZI-ERJYPM,DOGE/USD
a,2024-11-12T06:50:30.736618342Z,2024-11-11 23:50:46.631372,0.4002894,19674.21790759,add,OUEVWN-Y7QMV-F4AO77,DOGE/USD
b,2024-11-12T06:50:46.991840631Z,2024-11-11 23:50:46.631571,89718.9,1.71647222,delete,OWKW6M-B5EQY-QTGJOP,BTC/USD
b,2024-11-12T06:50:46.992332994Z,2024-11-11 23:50:46.631758,89718.9,1.78264211,delete,OEP6UQ-25INX-BZZ4LE,BTC/USD
b,2024-11-12T06:50:46.992345866Z,2024-11-11 23:50:46.631918,89733.9,0.3375,add,ODU3ZP-E6KKU-ZNT3IY,BTC/USD
b,2024-11-12T06:50:46.992557969Z,2024-11-11 23:50:46.632091,89718.9,0.3375,delete,OPCTRO-AQCAV-VUOVRU,BTC/USD
b,2024-11-12T06:50:46.992666006Z,2024-11-11 23:50:46.632253,89720.4,0.48,delete,OR7EJK-7OO77-E2DDYR,BTC/USD
b,2024-11-12T06:50:46.539839416Z,2024-11-11 23:50:46.632253,89704.9,0.25,add,OWSMX5-6HTUB-EI6IZG,BTC/USD
b,2024-11-12T06:50:46.992757868Z,2024-11-11 23:50:46.632521,89723.3,0.3375,delete,O55JU7-ANXV7-FUJUDS,BTC/USD
b,2024-11-12T06:50:42.353745905Z,2024-11-11 23:50:46.632521,89704.8,0.019,add,OQRIOF-GK6YU-QYTO7B,BTC/USD
b,2024-11-12T06:50:42.820294268Z,2024-11-11 23:50:46.632521,89704.8,0.07315631,add,OUXZJO-CWDAR-QKTN2L,BTC/USD
b,2024-11-12T06:50:45.331124277Z,2024-11-11 23:50:46.632521,89704.8,0.04606,add,OMQFT5-2G6NU-IBWEAV,BTC/USD
b,2024-11-12T06:50:46.992854711Z,2024-11-11 23:50:46.632905,89733.9,0.48,add,OYWS7I-ZC77Z-LTMPDU,BTC/USD
a,2024-11-12T06:50:46.994607825Z,2024-11-11 23:50:46.633062,0.4000367,2193.75,delete,OM7JIL-OWJDL-7GHZIU,DOGE/USD
a,2024-11-12T06:50:43.813938283Z,2024-11-11 23:50:46.633062,0.4003089,55420.74965069,add,OLDTKH-IFMVU-ZHEAQV,DOGE/USD
a,2024-11-12T06:50:46.995127533Z,2024-11-11 23:50:46.633183,220.99,3.72213597,delete,OUCBLA-ONCD3-HGPF65,SOL/USD
a,2024-11-12T06:50:46.996031394Z,2024-11-11 23:50:46.633301,89798.8,2.78400178,add,OITUTL-J37WW-5WHONO,BTC/USD
b,2024-11-12T06:50:46.996223320Z,2024-11-11 23:50:46.633422,89733.9,1.71618529,add,OU5XOV-ADQLU-LLRREY,BTC/USD
b,2024-11-12T06:50:46.996242051Z,2024-11-11 23:50:46.633529,89731.1,3.38789653,add,ORBKRH-JAGTZ-X62KJV,BTC/USD
b,2024-11-12T06:50:46.996331209Z,2024-11-11 23:50:46.633646,89732.4,1.7162138,add,ON4UMR-5MTE6-UNMIC6,BTC/USD
b,2024-11-12T06:50:46.996371086Z,2024-11-11 23:50:46.633765,89730.1,3.38793645,add,ONDZZJ-VPJLO-WWCPQQ,BTC/USD
a,2024-11-12T06:50:46.997160730Z,2024-11-11 23:50:46.633911,221.05,34.03580331,delete,OVCOXZ-NF67Q-SSWS2V,SOL/USD
b,2024-11-12T06:50:46.997474811Z,2024-11-11 23:50:46.634060,220.75,34.03580331,add,ODHGNQ-DDKYY-IW6CLQ,SOL/USD
b,2024-11-12T06:50:46.999150080Z,2024-11-11 23:50:46.634244,220.77,10.19004433,delete,OYNZAH-TYRF5-JFVVRX,SOL/USD
b,2024-11-12T06:50:42.650626041Z,2024-11-11 23:50:46.634244,220.74,2.29445486,add,OEOGDC-CWYZW-L3YQFY,SOL/USD
b,2024-11-12T06:50:46.089642011Z,2024-11-11 23:50:46.634244,220.74,55.53682392,add,OBZZ4O-WERO3-25QLCD,SOL/USD
b,2024-11-12T06:50:47.000590805Z,2024-11-11 23:50:46.634415,89718.4,0.1330028,delete,O7SURD-IEP3P-N3EFJM,BTC/USD
b,2024-11-12T06:50:46.681669489Z,2024-11-11 23:50:46.634415,89705.0,1.71673741,add,OGC7ZA-ZKFIS-XJNZF4,BTC/USD
b,2024-11-12T06:50:47.000590809Z,2024-11-11 23:50:46.634576,89719.0,0.1330028,add,OKA45Q-PVZK2-47Z2ZZ,BTC/USD
a,2024-11-12T06:50:47.001718828Z,2024-11-11 23:50:46.634963,89764.9,0.00556897,delete,O227RH-CP633-CUDXPC,BTC/USD
a,2024-11-12T06:50:03.170677255Z,2024-11-11 23:50:46.634963,89798.9,5.56799789,add,OJPJHU-UMQIA-Y2CATL,BTC/USD
b,2024-11-12T06:50:46.548114022Z,2024-11-11 23:50:46.635499,89718.9,0.0002337,delete,OQWSW4-XHUHQ-DFGFBO,BTC/USD
b,2024-11-12T06:50:47.002447660Z,2024-11-11 23:50:46.635587,89733.9,0.00023366,add,OQWSW4-XHUHQ-DFGFBO,BTC/USD
a,2024-11-12T06:50:47.002598827Z,2024-11-11 23:50:46.636794,89740.5,0.00556897,delete,OHHSZE-KAK7G-HW32Z5,BTC/USD
a,2024-11-12T06:50:46.976209248Z,2024-11-11 23:50:46.636794,89799.4,2.78398478,add,OCE3S7-KDUGQ-BSKBWF,BTC/USD
a,2024-11-12T06:50:47.005318018Z,2024-11-11 23:50:46.639151,3391.0,0.16155838,delete,O7C5DD-QELFG-HZ7LL6,ETH/USD
a,2024-11-12T06:50:43.180632854Z,2024-11-11 23:50:46.639151,3392.91,2.7,add,OUNHQZ-4A4B3-5433JI,ETH/USD
a,2024-11-12T06:50:47.007954775Z,2024-11-11 23:50:46.642548,89798.8,2.78400178,delete,OITUTL-J37WW-5WHONO,BTC/USD
a,2024-11-12T06:50:46.774677770Z,2024-11-11 23:50:46.642548,89800.7,0.03751,add,ONIJUJ-3WSAI-ZEV6FK,BTC/USD
b,2024-11-12T06:50:47.009588631Z,2024-11-11 23:50:46.643249,3389.43,1.0,add,OFXAL2-MX6W5-53WO66,ETH/USD
a,2024-11-12T06:50:47.009994635Z,2024-11-11 23:50:46.643829,3391.71,1.0,add,OWSGHJ-222TL-KAAWC6,ETH/USD
a,2024-11-12T06:50:47.010320685Z,2024-11-11 23:50:46.644132,89787.0,0.234904,add,OSEUPU-CUJ7J-EWSP6Z,BTC/USD
a,2024-11-12T06:50:47.011460372Z,2024-11-11 23:50:46.645216,89782.5,4.2365124,delete,OYSVXG-UZZGY-237WSD,BTC/USD
a,2024-11-12T06:50:46.774677770Z,2024-11-11 23:50:46.645216,89800.7,0.03751,add,ONIJUJ-3WSAI-ZEV6FK,BTC/USD
a,2024-11-12T06:50:47.011560255Z,2024-11-11 23:50:46.645759,89798.4,2.78401705,add,OVNSEZ-BYL4N-OUH2GH,BTC/USD
b,2024-11-12T06:50:47.011904693Z,2024-11-11 23:50:46.646029,220.8,8.502365,delete,ODFPYK-24TFN-YGA5HS,SOL/USD
b,2024-11-12T06:50:39.235802325Z,2024-11-11 23:50:46.646029,220.73,113.22625228,add,OGNKHC-JX36D-NZ3RJ5,SOL/USD
b,2024-11-12T06:50:39.523493199Z,2024-11-11 23:50:46.646029,220.73,3.82954227,add,OXIUMN-JDBBK-S4ERG2,SOL/USD
a,2024-11-12T06:50:47.011999963Z,2024-11-11 23:50:46.646175,89781.3,0.00556897,add,OY2XTG-B7FIR-2XSNZE,BTC/USD
a,2024-11-12T06:50:47.012128449Z,2024-11-11 23:50:46.646500,3391.72,2.7,delete,ONVWKG-5DCC4-ROKTA2,ETH/USD
a,2024-11-12T06:50:43.180632854Z,2024-11-11 23:50:46.646500,3392.91,2.7,add,OUNHQZ-4A4B3-5433JI,ETH/USD
b,2024-11-12T06:50:47.012374690Z,2024-11-11 23:50:46.646688,3389.59,2.7,add,ONTZJM-6FA52-VDIIWR,ETH/USD
b,2024-11-12T06:50:47.013046530Z,2024-11-11 23:50:46.647090,3389.76,2.7,add,OWXSV4-ZZQZ2-4BRZUT,ETH/USD
b,2024-11-12T06:50:47.015416722Z,2024-11-11 23:50:46.648354,89733.9,0.1,add,O6C7XR-LZRY4-FQMTMM,BTC/USD
b,2024-11-12T06:50:47.015449673Z,2024-11-11 23:50:46.648580,89733.9,0.04454749,add,OCTCK6-S6XND-OHXVRV,BTC/USD
b,2024-11-12T06:50:47.015476293Z,2024-11-11 23:50:46.648807,3389.42,2.7,delete,OX246Y-5DWMF-CIRQ3H,ETH/USD
a,2024-11-12T06:50:47.015575262Z,2024-11-11 23:50:46.649035,3392.49,0.16155838,add,OJNMQJ-PNCZ5-27RDTT,ETH/USD
b,2024-11-12T06:50:47.015754692Z,2024-11-11 23:50:46.649621,3389.76,2.7,add,O4BC7O-DIRHB-R5XF64,ETH/USD
b,2024-11-12T06:50:47.015768586Z,2024-11-11 23:50:46.650016,3389.59,2.7,delete,ONTZJM-6FA52-VDIIWR,ETH/USD
b,2024-11-12T06:50:30.129812239Z,2024-11-11 23:50:46.650016,3388.33,1.18082809,add,O2BLGT-UXK4N-3ALXWF,ETH/USD
a,2024-11-12T06:50:47.019746702Z,2024-11-11 23:50:46.651096,220.98,7.909,add,OBSBQO-YQ6ON-QZYR46,SOL/USD
a,2024-11-12T06:50:47.022759470Z,2024-11-11 23:50:46.652738,220.98,45.25410679,delete,O6FSO2-B4AZZ-QTRS66,SOL/USD
a,2024-11-12T06:50:47.022780929Z,2024-11-11 23:50:46.652853,89796.4,2.7840765,add,OFVO5K-EUZWH-7IFHH7,BTC/USD
a,2024-11-12T06:50:47.030064989Z,2024-11-11 23:50:46.658047,89756.1,0.00556897,add,OF52VV-D4QNT-FDV4XG,BTC/USD
b,2024-11-12T06:50:47.033456897Z,2024-11-11 23:50:46.661173,89719.0,0.1330028,delete,OKA45Q-PVZK2-47Z2ZZ,BTC/USD
a,2024-11-12T06:50:46.973925251Z,2024-11-11 23:50:46.662241,220.97,0.05310886,delete,OTIWSF-LGU7J-3TVJX3,SOL/USD
a,2024-11-12T06:50:39.867039066Z,2024-11-11 23:50:46.662241,221.09,452.32039646,add,OC4QEP-4EJJY-PJXFWX,SOL/USD
a,2024-11-12T06:50:46.997474807Z,2024-11-11 23:50:46.662241,221.09,34.03580331,add,ODJW4K-3FHU6-TKS7UI,SOL/USD
a,2024-11-12T06:50:47.034321171Z,2024-11-11 23:50:46.662695,220.91,0.05310886,add,OTIWSF-LGU7J-3TVJX3,SOL/USD
a,2024-11-12T06:50:47.037142538Z,2024-11-11 23:50:46.664244,89796.0,2.78408959,add,OQT7FV-ZVSRV-7EHBDZ,BTC/USD
a,2024-11-12T06:50:46.895062273Z,2024-11-11 23:50:46.669503,3390.99,0.0087801,delete,OQS3QQ-M7SGB-VFEJNZ,ETH/USD
a,2024-11-12T06:50:43.180632854Z,2024-11-11 23:50:46.669503,3392.91,2.7,add,OUNHQZ-4A4B3-5433JI,ETH/USD
a,2024-11-12T06:50:47.045978945Z,2024-11-11 23:50:46.669595,3391.7,0.0087801,add,OQS3QQ-M7SGB-VFEJNZ,ETH/USD
b,2024-11-12T06:50:47.046622329Z,2024-11-11 23:50:46.670463,220.74,2.29445486,delete,OEOGDC-CWYZW-L3YQFY,SOL/USD
a,2024-11-12T06:50:47.046922075Z,2024-11-11 23:50:46.670587,221.01,2.21671844,add,OJKXNC-QJ6KL-AIGP4C,SOL/USD
a,2024-11-12T06:50:47.049889043Z,2024-11-11 23:50:46.672640,3392.52,1.0,delete,OBC63I-ECBZX-65EN67,ETH/USD
a,2024-11-12T06:50:43.180632854Z,2024-11-11 23:50:46.672640,3392.91,2.7,add,OUNHQZ-4A4B3-5433JI,ETH/USD
a,2024-11-12T06:50:47.050071399Z,2024-11-11 23:50:46.672791,3392.78,13.88003499,delete,OOHXL7-XUKLU-LUVS57,ETH/USD
a,2024-11-12T06:50:32.536822634Z,2024-11-11 23:50:46.672791,3393.25,2.7,add,OUARLQ-OYKSS-XU62GR,ETH/USD
a,2024-11-12T06:50:47.050358975Z,2024-11-11 23:50:46.673549,3392.49,0.72912968,add,OS2VYD-RTLJX-AGDJ6N,ETH/USD
b,2024-11-12T06:50:47.056888567Z,2024-11-11 23:50:46.682956,89719.0,0.4,delete,O3B5DK-DN7QW-MTM5XV,BTC/USD
b,2024-11-12T06:50:46.539839416Z,2024-11-11 23:50:46.682956,89704.9,0.25,add,OWSMX5-6HTUB-EI6IZG,BTC/USD
b,2024-11-12T06:50:47.060918367Z,2024-11-11 23:50:46.683142,89733.9,0.0377,add,ORPPSM-UJOVY-SCINF4,BTC/USD
b,2024-11-12T06:50:47.062675516Z,2024-11-11 23:50:46.683365,89718.9,0.0378,delete,O24LUB-G5ILX-VFM6W5,BTC/USD
b,2024-11-12T06:50:47.063264816Z,2024-11-11 23:50:46.683900,220.9,45.26935264,add,ONTJP6-EPXCH-VVVRCD,SOL/USD
b,2024-11-12T06:50:47.063300296Z,2024-11-11 23:50:46.721987,220.89,45.27020801,add,OED53O-ZMTIS-JIYFGZ,SOL/USD
b,2024-11-12T06:50:47.064043721Z,2024-11-11 23:50:46.722193,89718.9,0.1,delete,OYZUJW-WQWWJ-QPJ3GK,BTC/USD
b,2024-11-12T06:50:47.064978123Z,2024-11-11 23:50:46.722379,89718.9,0.04454749,delete,ODTR6R-XSPCT-ZX3F44,BTC/USD
a,2024-11-12T06:50:46.978672506Z,2024-11-11 23:50:46.722947,89782.4,0.01147803,delete,OMOLGE-N7VR4-6S2FFO,BTC/USD
a,2024-11-12T06:50:47.022780929Z,2024-11-11 23:50:46.722947,89796.4,2.7840765,add,OFVO5K-EUZWH-7IFHH7,BTC/USD
a,2024-11-12T06:50:47.087293018Z,2024-11-11 23:50:46.723134,89780.8,0.01147803,add,OMOLGE-N7VR4-6S2FFO,BTC/USD
a,2024-11-12T06:50:47.090699104Z,2024-11-11 23:50:46.723486,220.97,45.25632535,add,OFDLVD-HL7J2-AUWRM4,SOL/USD
b,2024-11-12T06:50:47.108879219Z,2024-11-11 23:50:46.723974,0.3997082,4000.0,add,OOOKBK-NHER6-MDAUSJ,DOGE/USD
b,2024-11-12T06:50:47.111898230Z,2024-11-11 23:50:46.724142,0.3995047,10954.70230596,delete,OROZME-SCTGL-6ZVIL4,DOGE/USD
b,2024-11-12T06:50:46.695619704Z,2024-11-11 23:50:46.724142,0.3995035,7290.0,add,OJESCT-IUEIJ-EZIRSG,DOGE/USD
a,2024-11-12T06:50:47.112034763Z,2024-11-11 23:50:46.724288,0.4002426,4163.29036242,delete,ODQJBX-D2X6K-4CA2ZJ,DOGE/USD
a,2024-11-12T06:50:36.008470251Z,2024-11-11 23:50:46.724288,0.4003492,2193.75,add,O6PJZD-45AVU-6EKQLG,DOGE/USD
b,2024-11-12T06:50:47.127744212Z,2024-11-11 23:50:46.730203,0.3996841,228.99950355,add,OIECY6-FJ6KA-IZY7H2,DOGE/USD
a,2024-11-12T06:50:47.132677699Z,2024-11-11 23:50:46.730725,0.3999638,14897.9852104,add,OBIEYO-QRIJL-PSPAUQ,DOGE/USD
a,2024-11-12T06:50:47.142843415Z,2024-11-11 23:50:46.740850,0.4000767,2193.75,delete,OPNBHB-PJYFB-BSPBEK,DOGE/USD
a,2024-11-12T06:50:36.008470251Z,2024-11-11 23:50:46.740850,0.4003492,2193.75,add,O6PJZD-45AVU-6EKQLG,DOGE/USD
a,2024-11-12T06:50:47.150062692Z,2024-11-11 23:50:46.743022,3392.88,47.21581649,delete,OU4E5R-GKFZF-PZSUPX,ETH/USD
a,2024-11-12T06:50:36.605244657Z,2024-11-11 23:50:46.743022,3393.29,17.68783651,add,O47KX7-BZXFI-JDYWQJ,ETH/USD
a,2024-11-12T06:50:47.150206705Z,2024-11-11 23:50:46.743154,3392.51,18.43446807,delete,OXRX4K-RP777-5OB22F,ETH/USD
a,2024-11-12T06:50:45.001671979Z,2024-11-11 23:50:46.743154,3393.34,73.67387033,add,OKHUSQ-J6Y4J-BRYYFS,ETH/USD
a,2024-11-12T06:50:47.161341291Z,2024-11-11 23:50:46.753918,3393.22,32.32040264,add,O7K54I-4B6RD-5ZDH6F,ETH/USD
a,2024-11-12T06:50:47.161399389Z,2024-11-11 23:50:46.754105,3392.49,40.87803951,add,OD7Z4V-KWE6V-XEXCI4,ETH/USD
a,2024-11-12T06:50:47.163896198Z,2024-11-11 23:50:46.756783,89796.0,2.78408959,delete,OQT7FV-ZVSRV-7EHBDZ,BTC/USD
a,2024-11-12T06:50:47.022780929Z,2024-11-11 23:50:46.756783,89796.4,2.7840765,add,OFVO5K-EUZWH-7IFHH7,BTC/USD
b,2024-11-12T06:50:47.167337698Z,2024-11-11 23:50:46.760619,89732.4,1.71621389,add,OJHFTB-UTE2P-KEVSDL,BTC/USD
b,2024-11-12T06:50:47.167358224Z,2024-11-11 23:50:46.761053,89726.7,3.38806261,add,OT2VZN-N3Y6B-ZXQFFW,BTC/USD
a,2024-11-12T06:50:47.169783404Z,2024-11-11 23:50:46.763733,89796.4,2.7840765,delete,OFVO5K-EUZWH-7IFHH7,BTC/USD
a,2024-11-12T06:50:03.170677255Z,2024-11-11 23:50:46.763733,89798.9,5.56799789,add,OJPJHU-UMQIA-Y2CATL,BTC/USD
a,2024-11-12T06:50:47.173095697Z,2024-11-11 23:50:46.770532,0.3999638,14897.9852104,delete,OBIEYO-QRIJL-PSPAUQ,DOGE/USD
a,2024-11-12T06:50:46.943312756Z,2024-11-11 23:50:46.770532,0.4003826,55893.88833961,add,OZM5GW-BH5D6-PM3Z4X,DOGE/USD
a,2024-11-12T06:50:47.174062194Z,2024-11-11 23:50:46.771239,221.01,2.21671844,delete,OJKXNC-QJ6KL-AIGP4C,SOL/USD
a,2024-11-12T06:50:47.178035301Z,2024-11-11 23:50:46.779121,89789.0,5.56861281,add,OPQDH4-SMVTE-RGTKO2,BTC/USD
a,2024-11-12T06:50:47.181694007Z,2024-11-11 23:50:46.780589,0.400016,13896.97772874,add,OHN3KX-XN3WG-IE6I5K,DOGE/USD
a,2024-11-12T06:50:47.184312945Z,2024-11-11 23:50:46.783501,89780.9,0.48,delete,O2UEF6-BU7E4-YC4KIX,BTC/USD
a,2024-11-12T06:50:03.170677255Z,2024-11-11 23:50:46.783501,89798.9,5.56799789,add,OJPJHU-UMQIA-Y2CATL,BTC/USD
a,2024-11-12T06:50:47.191597021Z,2024-11-11 23:50:46.791440,221.02,18.11513575,delete,OVY5CI-S5OE7-RLAP2L,SOL/USD
a,2024-11-12T06:49:38.485171858Z,2024-11-11 23:50:46.791440,221.07,0.08346217,add,O6LV7C-QVOJ6-SWFKP7,SOL/USD
b,2024-11-12T06:50:47.192237086Z,2024-11-11 23:50:46.791675,3389.77,3.4,add,O7NLBD-VORSK-5CJP6C,ETH/USD
a,2024-11-12T06:50:47.087293018Z,2024-11-11 23:50:46.793681,89780.8,0.01147803,delete,OMOLGE-N7VR4-6S2FFO,BTC/USD
a,2024-11-12T06:50:02.569124694Z,2024-11-11 23:50:46.793681,89801.1,0.3375,add,OQRCBK-J5PHT-E5UVAF,BTC/USD
a,2024-11-12T06:50:47.193410784Z,2024-11-11 23:50:46.793847,89781.2,0.01147803,add,OMOLGE-N7VR4-6S2FFO,BTC/USD
a,2024-11-12T06:50:47.194680236Z,2024-11-11 23:50:46.795986,220.98,45.25389687,add,OGEYWT-KDBPD-3NGHW5,SOL/USD
b,2024-11-12T06:50:47.195049233Z,2024-11-11 23:50:46.796370,3389.93,2.7,add,OVMS4Z-3EGOG-AL5K4D,ETH/USD
b,2024-11-12T06:50:47.195108899Z,2024-11-11 23:50:46.796517,3390.1,2.7,add,O7B3VY-LXTZS-Y3T2AL,ETH/USD
a,2024-11-12T06:50:47.195994875Z,2024-11-11 23:50:46.798030,220.97,45.25632535,delete,OFDLVD-HL7J2-AUWRM4,SOL/USD
a,2024-11-12T06:50:39.867039066Z,2024-11-11 23:50:46.798030,221.09,452.32039646,add,OC4QEP-4EJJY-PJXFWX,SOL/USD
a,2024-11-12T06:50:46.997474807Z,2024-11-11 23:50:46.798030,221.09,34.03580331,add,ODJW4K-3FHU6-TKS7UI,SOL/USD
b,2024-11-12T06:50:47.198089802Z,2024-11-11 23:50:46.799960,3389.76,2.7,delete,O4BC7O-DIRHB-R5XF64,ETH/USD
b,2024-11-12T06:50:47.198112206Z,2024-11-11 23:50:46.800400,3390.1,2.7,add,OJQWNU-YQ2J4-HZ4BNK,ETH/USD
b,2024-11-12T06:50:47.198328684Z,2024-11-11 23:50:46.800931,3389.93,2.7,delete,OVMS4Z-3EGOG-AL5K4D,ETH/USD
b,2024-11-12T06:50:46.904212942Z,2024-11-11 23:50:46.800931,3388.56,0.84574642,add,OESDO3-YOVAP-SLNBW2,ETH/USD
b,2024-11-12T06:50:47.127744212Z,2024-11-11 23:50:46.803653,0.3996841,228.99950355,delete,OIECY6-FJ6KA-IZY7H2,DOGE/USD
b,2024-11-12T06:50:46.695619704Z,2024-11-11 23:50:46.803653,0.3995035,7290.0,add,OJESCT-IUEIJ-EZIRSG,DOGE/USD
b,2024-11-12T06:50:47.200973521Z,2024-11-11 23:50:46.803826,0.3997166,228.98088415,add,OIECY6-FJ6KA-IZY7H2,DOGE/USD
a,2024-11-12T06:50:47.201725138Z,2024-11-11 23:50:46.805804,220.98,45.25389687,delete,OGEYWT-KDBPD-3NGHW5,SOL/USD
a,2024-11-12T06:50:47.201790825Z,2024-11-11 23:50:46.805990,0.400016,13896.97772874,delete,OHN3KX-XN3WG-IE6I5K,DOGE/USD
a,2024-11-12T06:50:46.943312756Z,2024-11-11 23:50:46.805990,0.4003826,55893.88833961,add,OZM5GW-BH5D6-PM3Z4X,DOGE/USD
a,2024-11-12T06:50:47.205895393Z,2024-11-11 23:50:46.810429,0.4000728,11501.32572122,add,ORUQW4-DMD5P-UFKOI2,DOGE/USD
a,2024-11-12T06:50:47.206053421Z,2024-11-11 23:50:46.810569,0.4002127,32614.57870109,add,OEHYPW-DF6BE-S227T6,DOGE/USD
a,2024-11-12T06:50:47.206156935Z,2024-11-11 23:50:46.810658,221.0,45.24964292,add,OBYKLQ-TBITU-7JUURC,SOL/USD
b,2024-11-12T06:50:47.210039959Z,2024-11-11 23:50:46.814269,220.79,7.909,add,O5FPJ2-RMV5K-MATIFU,SOL/USD
a,2024-11-12T06:50:47.216832561Z,2024-11-11 23:50:46.821429,3391.71,1.0,delete,OWSGHJ-222TL-KAAWC6,ETH/USD
a,2024-11-12T06:50:45.001671979Z,2024-11-11 23:50:46.821429,3393.34,73.67387033,add,OKHUSQ-J6Y4J-BRYYFS,ETH/USD
a,2024-11-12T06:50:47.219722303Z,2024-11-11 23:50:46.825323,221.0,45.24964292,delete,OBYKLQ-TBITU-7JUURC,SOL/USD
a,2024-11-12T06:50:47.225068604Z,2024-11-11 23:50:46.829994,220.98,7.909,delete,OBSBQO-YQ6ON-QZYR46,SOL/USD
b,2024-11-12T06:50:47.230051251Z,2024-11-11 23:50:46.833618,89708.9,0.02323052,add,O373BV-O4ACM-RHGISC,BTC/USD
a,2024-11-12T06:50:47.231668333Z,2024-11-11 23:50:46.835186,0.4000458,62073.95129823,delete,OAK5ZY-VXQG6-YPMZJ3,DOGE/USD
a,2024-11-12T06:50:36.008470251Z,2024-11-11 23:50:46.835186,0.4003492,2193.75,add,O6PJZD-45AVU-6EKQLG,DOGE/USD
b,2024-11-12T06:50:47.231859499Z,2024-11-11 23:50:46.835297,220.9,113.13887873,add,OLXH5E-4R5RD-SJ6KPG,SOL/USD
a,2024-11-12T06:50:47.234579736Z,2024-11-11 23:50:46.838045,0.4000352,14895.32404498,add,OLX73J-HCLP7-EJBYVD,DOGE/USD
a,2024-11-12T06:50:47.045978945Z,2024-11-11 23:50:46.840106,3391.7,0.0087801,delete,OQS3QQ-M7SGB-VFEJNZ,ETH/USD
a,2024-11-12T06:50:14.042968504Z,2024-11-11 23:50:46.840106,3393.59,2.7,add,OPN55U-WSQMG-EGZEXW,ETH/USD
a,2024-11-12T06:50:47.237232730Z,2024-11-11 23:50:46.840197,3392.48,0.0087801,add,OQS3QQ-M7SGB-VFEJNZ,ETH/USD
a,2024-11-12T06:50:47.255989540Z,2024-11-11 23:50:46.859734,0.4001321,88648.45514976,add,OOW7AP-HSKWN-MECX53,DOGE/USD
b,2024-11-12T06:50:47.256135514Z,2024-11-11 23:50:46.859837,0.3995067,27014.6189239,add,OLWBGI-SLGCY-NUQZMR,DOGE/USD
a,2024-11-12T06:50:47.256748655Z,2024-11-11 23:50:46.860031,0.4000728,11501.32572122,delete,ORUQW4-DMD5P-UFKOI2,DOGE/USD
a,2024-11-12T06:50:43.813938283Z,2024-11-11 23:50:46.860031,0.4003089,55420.74965069,add,OLDTKH-IFMVU-ZHEAQV,DOGE/USD
b,2024-11-12T06:50:47.200973521Z,2024-11-11 23:50:46.868976,0.3997166,228.98088415,delete,OIECY6-FJ6KA-IZY7H2,DOGE/USD
b,2024-11-12T06:50:47.264363381Z,2024-11-11 23:50:46.869159,0.3997083,228.98563897,add,OIECY6-FJ6KA-IZY7H2,DOGE/USD
a,2024-11-12T06:50:47.271014189Z,2024-11-11 23:50:46.873444,3393.29,17.68783651,delete,O47KX7-BZXFI-JDYWQJ,ETH/USD
a,2024-11-12T06:50:14.042968504Z,2024-11-11 23:50:46.873444,3393.59,2.7,add,OPN55U-WSQMG-EGZEXW,ETH/USD
a,2024-11-12T06:50:47.271982651Z,2024-11-11 23:50:46.874385,0.4002127,32614.57870109,delete,OEHYPW-DF6BE-S227T6,DOGE/USD
a,2024-11-12T06:50:36.008470251Z,2024-11-11 23:50:46.874385,0.4003492,2193.75,add,O6PJZD-45AVU-6EKQLG,DOGE/USD
b,2024-11-12T06:50:47.264363381Z,2024-11-11 23:50:46.877203,0.3997083,228.98563897,delete,OIECY6-FJ6KA-IZY7H2,DOGE/USD
b,2024-11-12T06:50:46.746646292Z,2024-11-11 23:50:46.877203,0.3995046,4000.0,add,O4S5GJ-BTZJX-IFDZPZ,DOGE/USD
b,2024-11-12T06:50:47.273443977Z,2024-11-11 23:50:46.877301,0.3996841,228.99950355,add,OIECY6-FJ6KA-IZY7H2,DOGE/USD
b,2024-11-12T06:50:47.275177805Z,2024-11-11 23:50:46.879472,89719.0,1.71646933,add,ORND7O-W7IPR-27PB3Z,BTC/USD
a,2024-11-12T06:50:47.275835547Z,2024-11-11 23:50:46.882269,89789.0,5.56861281,delete,OPQDH4-SMVTE-RGTKO2,BTC/USD
a,2024-11-12T06:50:02.569124694Z,2024-11-11 23:50:46.882269,89801.1,0.3375,add,OQRCBK-J5PHT-E5UVAF,BTC/USD
b,2024-11-12T06:50:47.279417204Z,2024-11-11 23:50:46.888773,89732.5,0.1330028,add,OWDX7W-IQGE2-JYLQSX,BTC/USD
a,2024-11-12T06:50:47.281398427Z,2024-11-11 23:50:46.889424,221.09,452.32039646,delete,OC4QEP-4EJJY-PJXFWX,SOL/USD
b,2024-11-12T06:50:47.281519014Z,2024-11-11 23:50:46.890486,3389.75,4.24812982,add,OOQT4I-VKBN6-7KBDJG,ETH/USD
a,2024-11-12T06:50:47.281546881Z,2024-11-11 23:50:46.890587,3392.52,4.24812982,add,OTTUHH-LQNNL-EHFXPN,ETH/USD
b,2024-11-12T06:50:47.285307705Z,2024-11-11 23:50:46.895210,220.9,8.502365,add,OWKZ5Z-6NA3L-W7ICEI,SOL/USD
b,2024-11-12T06:50:47.286077559Z,2024-11-11 23:50:46.895832,220.85,10.19004433,add,O376UJ-DQJBH-CHELTG,SOL/USD
a,2024-11-12T06:50:47.286543744Z,2024-11-11 23:50:46.897747,3393.34,73.67387033,delete,OKHUSQ-J6Y4J-BRYYFS,ETH/USD
a,2024-11-12T06:50:14.042968504Z,2024-11-11 23:50:46.897747,3393.59,2.7,add,OPN55U-WSQMG-EGZEXW,ETH/USD
a,2024-11-12T06:50:47.304471658Z,2024-11-11 23:50:46.917842,3392.9,1.32379775,delete,OIIV2I-MA3CO-S7OC6L,ETH/USD
a,2024-11-12T06:50:14.030585826Z,2024-11-11 23:50:46.917842,3393.66,0.926,add,O4B2PS-ACXZD-ZBNWK3,ETH/USD
a,2024-11-12T06:50:47.304491183Z,2024-11-11 23:50:46.917936,3393.28,1.32379775,add,ONEP23-LYABP-5MMFQ7,ETH/USD
a,2024-11-12T06:50:47.304773059Z,2024-11-11 23:50:46.918402,221.0,135.75178241,delete,OKUF44-ILJ3F-TD6HOB,SOL/USD
a,2024-11-12T06:50:47.308465214Z,2024-11-11 23:50:46.921739,221.03,135.73026182,add,OQITQW-7H5LU-HEPKHG,SOL/USD
a,2024-11-12T06:50:47.308503111Z,2024-11-11 23:50:46.921879,221.0,45.24983675,add,O5D3GB-MQYPW-ZV52JD,SOL/USD
b,2024-11-12T06:50:47.309220067Z,2024-11-11 23:50:46.922987,89718.9,0.03990872,delete,ORWBU3-K6FMH-SVQZ6V,BTC/USD
b,2024-11-12T06:50:47.312248034Z,2024-11-11 23:50:46.924218,89733.9,0.03990872,add,OO6VXK-4ELVG-JOQ3HL,BTC/USD
b,2024-11-12T06:50:47.317433449Z,2024-11-11 23:50:46.929443,0.3996961,35051.8,add,OFJLRL-5Y5QH-AR33NY,DOGE/USD
a,2024-11-12T06:50:47.320217808Z,2024-11-11 23:50:46.931790,221.0,45.24983675,delete,O5D3GB-MQYPW-ZV52JD,SOL/USD
b,2024-11-12T06:50:47.273443977Z,2024-11-11 23:50:46.933852,0.3996841,228.99950355,delete,OIECY6-FJ6KA-IZY7H2,DOGE/USD
b,2024-11-12T06:50:47.256135514Z,2024-11-11 23:50:46.933852,0.3995067,27014.6189239,add,OLWBGI-SLGCY-NUQZMR,DOGE/USD
b,2024-11-12T06:50:47.322501990Z,2024-11-11 23:50:46.933988,0.3995069,229.10107554,add,OIECY6-FJ6KA-IZY7H2,DOGE/USD
a,2024-11-12T06:50:47.323759753Z,2024-11-11 23:50:46.935083,221.01,7.909,add,OATUDY-MCYK7-YE3DAW,SOL/USD
a,2024-11-12T06:50:47.323921694Z,2024-11-11 23:50:46.935195,221.02,45.24573075,add,OHOZEA-6VTI2-YQZLNF,SOL/USD
b,2024-11-12T06:50:47.324543031Z,2024-11-11 23:50:46.936898,220.82,10.19004433,delete,ORFAVZ-O6SEC-NTQZDD,SOL/USD
b,2024-11-12T06:50:46.089642011Z,2024-11-11 23:50:46.936898,220.74,55.53682392,add,OBZZ4O-WERO3-25QLCD,SOL/USD
a,2024-11-12T06:50:47.193410784Z,2024-11-11 23:50:46.940872,89781.2,0.01147803,delete,OMOLGE-N7VR4-6S2FFO,BTC/USD
a,2024-11-12T06:50:46.945460625Z,2024-11-11 23:50:46.940872,89802.5,0.278678,add,OKII4Q-KQFMZ-SIVCJY,BTC/USD
a,2024-11-12T06:50:47.327243693Z,2024-11-11 23:50:46.941437,89783.0,0.01147803,add,OMOLGE-N7VR4-6S2FFO,BTC/USD
a,2024-11-12T06:50:47.327327018Z,2024-11-11 23:50:46.941576,89801.1,0.3375,delete,OQRCBK-J5PHT-E5UVAF,BTC/USD
a,2024-11-12T06:50:46.945460625Z,2024-11-11 23:50:46.941576,89802.5,0.278678,add,OKII4Q-KQFMZ-SIVCJY,BTC/USD
a,2024-11-12T06:50:47.332256683Z,2024-11-11 23:50:46.945506,221.02,45.24573075,delete,OHOZEA-6VTI2-YQZLNF,SOL/USD
a,2024-11-12T06:50:46.997474807Z,2024-11-11 23:50:46.945506,221.09,34.03580331,add,ODJW4K-3FHU6-TKS7UI,SOL/USD
a,2024-11-12T06:50:47.342880415Z,2024-11-11 23:50:46.954385,3392.49,0.16155838,delete,OJNMQJ-PNCZ5-27RDTT,ETH/USD
b,2024-11-12T06:50:47.346813147Z,2024-11-11 23:50:46.957335,3389.21,0.84574642,add,O5Q5GJ-HUQ6Y-EPUA37,ETH/USD
a,2024-11-12T06:50:47.352765437Z,2024-11-11 23:50:46.961412,0.3999849,14897.19925586,add,OA4ZRQ-ZYJNA-EP4Q5I,DOGE/USD
a,2024-11-12T06:50:47.327243693Z,2024-11-11 23:50:46.964404,89783.0,0.01147803,delete,OMOLGE-N7VR4-6S2FFO,BTC/USD
a,2024-11-12T06:49:48.222975378Z,2024-11-11 23:50:46.964404,89802.9,5.11e-05,add,OPA6WJ-Z34PE-Q7M3SH,BTC/USD
a,2024-11-12T06:50:47.359521700Z,2024-11-11 23:50:46.964512,89798.8,0.01147803,add,OMOLGE-N7VR4-6S2FFO,BTC/USD
b,2024-11-12T06:50:47.361064631Z,2024-11-11 23:50:46.965035,89731.6,0.234904,add,OZW4L3-M5QLV-ZAHXAS,BTC/USD
a,2024-11-12T06:50:47.361774824Z,2024-11-11 23:50:46.965830,0.3999849,14897.19925586,delete,OA4ZRQ-ZYJNA-EP4Q5I,DOGE/USD
a,2024-11-12T06:50:36.008470251Z,2024-11-11 23:50:46.965830,0.4003492,2193.75,add,O6PJZD-45AVU-6EKQLG,DOGE/USD
a,2024-11-12T06:50:47.366831613Z,2024-11-11 23:50:46.969871,221.09,34.03580331,delete,ODJW4K-3FHU6-TKS7UI,SOL/USD
a,2024-11-12T06:03:26.373216624Z,2024-11-11 23:50:46.969871,221.14,0.6296258,add,O2ZKKK-LEA3Y-DY24OE,SOL/USD
a,2024-11-12T06:50:47.367050466Z,2024-11-11 23:50:46.970087,221.13,34.03580331,add,O5TXXS-EOPDH-NDPFRP,SOL/USD
a,2024-11-12T06:50:47.371904855Z,2024-11-11 23:50:46.972620,0.4000352,14895.32404498,delete,OLX73J-HCLP7-EJBYVD,DOGE/USD
a,2024-11-12T06:50:37.150773651Z,2024-11-11 23:50:46.972620,0.4003892,2193.75,add,OY34HQ-DFAZK-I3QZUJ,DOGE/USD
a,2024-11-12T06:50:47.375920610Z,2024-11-11 23:50:46.975260,89797.0,0.3375,add,OCFFJL-LJ52F-4I6CMK,BTC/USD
b,2024-11-12T06:50:47.378464675Z,2024-11-11 23:50:46.977374,0.3997165,4910.0,add,O6TDOP-FEACM-AIWXL2,DOGE/USD
a,2024-11-12T06:50:47.380310620Z,2024-11-11 23:50:46.979735,3392.49,0.72912968,delete,OS2VYD-RTLJX-AGDJ6N,ETH/USD
a,2024-11-12T06:50:47.382630772Z,2024-11-11 23:50:46.983152,3391.55,73.71276029,add,OWYUEM-YIQUK-KZR7Q6,ETH/USD
a,2024-11-12T06:50:47.382647761Z,2024-11-11 23:50:46.983247,3391.48,73.71431728,add,OPV2DZ-3R2UG-PJ5YAQ,ETH/USD
a,2024-11-12T06:50:47.382684194Z,2024-11-11 23:50:46.983331,3391.72,73.70895136,add,OOYXUH-XF6LZ-OIT6M3,ETH/USD
a,2024-11-12T06:50:47.382856367Z,2024-11-11 23:50:46.983430,3391.98,73.70337427,add,O2UPVJ-LCX4K-AVYDHS,ETH/USD
a,2024-11-12T06:50:47.386314178Z,2024-11-11 23:50:47.001327,3392.16,2.7,add,OQEIFT-4CXMY-PC2V7L,ETH/USD
b,2024-11-12T06:50:47.386630598Z,2024-11-11 23:50:47.001441,3390.34,45.42308355,add,OWDRXX-QZZO5-UQQ5DK,ETH/USD
b,2024-11-12T06:50:47.387035340Z,2024-11-11 23:50:47.001537,3390.27,45.42403057,add,OSHEKD-NM3HT-HBO3MN,ETH/USD
b,2024-11-12T06:50:47.388741214Z,2024-11-11 23:50:47.001630,220.84,8.502365,delete,OORGAI-4DMIU-L7CZN7,SOL/USD
b,2024-11-12T06:50:47.389083989Z,2024-11-11 23:50:47.001721,3390.5,2.7,add,OEXWO7-GDV3Z-PMQQRR,ETH/USD
b,2024-11-12T06:50:47.390217799Z,2024-11-11 23:50:47.001811,3390.45,2.7,add,OLNBCT-JJ4F3-NGXLCD,ETH/USD
a,2024-11-12T06:50:47.401244071Z,2024-11-11 23:50:47.001900,221.12,3.91267939,add,OODXCH-PI76B-RGZNEM,SOL/USD
b,2024-11-12T06:50:47.410640163Z,2024-11-11 23:50:47.003274,3390.34,45.42308355,delete,OWDRXX-QZZO5-UQQ5DK,ETH/USD
b,2024-11-12T06:50:47.346813147Z,2024-11-11 23:50:47.003274,3389.21,0.84574642,add,O5Q5GJ-HUQ6Y-EPUA37,ETH/USD
b,2024-11-12T06:50:47.322501990Z,2024-11-11 23:50:47.005291,0.3995069,229.10107554,delete,OIECY6-FJ6KA-IZY7H2,DOGE/USD
b,2024-11-12T06:50:46.943611465Z,2024-11-11 23:50:47.005291,0.3995068,64417.3509898,add,OMALN7-KGKRX-CUMKRK,DOGE/USD
b,2024-11-12T06:50:47.412544531Z,2024-11-11 23:50:47.005391,0.3997166,228.98088415,add,OIECY6-FJ6KA-IZY7H2,DOGE/USD
a,2024-11-12T06:50:47.359521700Z,2024-11-11 23:50:47.015423,89798.8,0.01147803,delete,OMOLGE-N7VR4-6S2FFO,BTC/USD
a,2024-11-12T06:50:46.945460625Z,2024-11-11 23:50:47.015423,89802.5,0.278678,add,OKII4Q-KQFMZ-SIVCJY,BTC/USD
a,2024-11-12T06:50:47.421993745Z,2024-11-11 23:50:47.015523,89781.2,0.01147803,add,OMOLGE-N7VR4-6S2FFO,BTC/USD
b,2024-11-12T06:50:47.427197548Z,2024-11-11 23:50:47.022403,89737.6,3.034e-05,add,OMC27L-Z4IPA-JKSG6T,BTC/USD
a,2024-11-12T06:50:47.427197562Z,2024-11-11 23:50:47.022403,89734.0,0.0,delete,OBF22G-N46NE-VLTZTO,BTC/USD
a,2024-11-12T06:50:46.945460625Z,2024-11-11 23:50:47.022403,89802.5,0.278678,add,OKII4Q-KQFMZ-SIVCJY,BTC/USD
b,2024-11-12T06:50:47.427197578Z,2024-11-11 23:50:47.022594,89737.6,3.034e-05,delete,OMC27L-Z4IPA-JKSG6T,BTC/USD
b,2024-11-12T06:50:46.545392700Z,2024-11-11 23:50:47.022594,89718.9,0.02229184,add,OLSQVO-7MQ5D-23PAH3,BTC/USD
a,2024-11-12T06:50:47.427499323Z,2024-11-11 23:50:47.022850,221.0,45.24927023,add,O5AUYL-UL4CH-7T4CPE,SOL/USD
b,2024-11-12T06:50:47.429967554Z,2024-11-11 23:50:47.024508,89738.3,0.3375,add,OZDU6Z-Z5JVF-3IQJ5Z,BTC/USD
b,2024-11-12T06:50:47.430036248Z,2024-11-11 23:50:47.024602,89733.9,0.48,delete,OYWS7I-ZC77Z-LTMPDU,BTC/USD
b,2024-11-12T06:50:47.430051978Z,2024-11-11 23:50:47.024703,89742.8,0.3375,add,OEQIBQ-TKZSY-MVYA4S,BTC/USD
b,2024-11-12T06:50:47.430138971Z,2024-11-11 23:50:47.024800,89735.4,0.48,add,ODSAEF-O7OMU-7CKSX3,BTC/USD
b,2024-11-12T06:50:47.430350215Z,2024-11-11 23:50:47.025223,89734.0,0.36,add,OSVPJF-26PWY-MDZAKM,BTC/USD
b,2024-11-12T06:50:47.430464846Z,2024-11-11 23:50:47.025323,89756.0,0.1935709,add,OWFALG-GTGFB-KG6TTQ,BTC/USD
b,2024-11-12T06:50:47.430965761Z,2024-11-11 23:50:47.026671,89756.0,1.78185806,add,OHMAT3-N5L6U-WKBCML,BTC/USD
b,2024-11-12T06:50:47.431701393Z,2024-11-11 23:50:47.027191,89733.9,0.19361857,delete,OATCSI-MLFVR-ELTJTL,BTC/USD
b,2024-11-12T06:50:47.432658618Z,2024-11-11 23:50:47.028746,89735.4,0.48,delete,ODSAEF-O7OMU-7CKSX3,BTC/USD
b,2024-11-12T06:50:46.996371086Z,2024-11-11 23:50:47.028746,89730.1,3.38793645,add,ONDZZJ-VPJLO-WWCPQQ,BTC/USD
a,2024-11-12T06:50:47.432718923Z,2024-11-11 23:50:47.028881,89797.0,0.3375,delete,OCFFJL-LJ52F-4I6CMK,BTC/USD
a,2024-11-12T06:49:48.222975378Z,2024-11-11 23:50:47.028881,89802.9,5.11e-05,add,OPA6WJ-Z34PE-Q7M3SH,BTC/USD
b,2024-11-12T06:50:47.432848764Z,2024-11-11 23:50:47.029114,89744.3,0.48,add,OY3AF7-GNPEO-7NGIRO,BTC/USD
b,2024-11-12T06:50:47.432937893Z,2024-11-11 23:50:47.029391,89731.1,3.38789653,delete,ORBKRH-JAGTZ-X62KJV,BTC/USD
b,2024-11-12T06:50:46.996371086Z,2024-11-11 23:50:47.029391,89730.1,3.38793645,add,ONDZZJ-VPJLO-WWCPQQ,BTC/USD
b,2024-11-12T06:50:47.433104227Z,2024-11-11 23:50:47.029658,89742.8,0.3375,add,OIHNSV-CNNCU-OBQCVY,BTC/USD
b,2024-11-12T06:50:47.433119944Z,2024-11-11 23:50:47.029778,89738.3,0.3375,delete,OZDU6Z-Z5JVF-3IQJ5Z,BTC/USD
b,2024-11-12T06:50:46.989938277Z,2024-11-11 23:50:47.029778,89727.8,0.3375,add,OVA6TY-WDDLR-QMITTO,BTC/USD
b,2024-11-12T06:50:47.433130311Z,2024-11-11 23:50:47.029872,89732.4,1.71621389,delete,OJHFTB-UTE2P-KEVSDL,BTC/USD
b,2024-11-12T06:50:47.433142273Z,2024-11-11 23:50:47.030009,89730.1,3.38793645,delete,ONDZZJ-VPJLO-WWCPQQ,BTC/USD
b,2024-11-12T06:50:47.167358224Z,2024-11-11 23:50:47.030009,89726.7,3.38806261,add,OT2VZN-N3Y6B-ZXQFFW,BTC/USD
b,2024-11-12T06:50:47.433793757Z,2024-11-11 23:50:47.030108,89733.9,0.3375,delete,ODU3ZP-E6KKU-ZNT3IY,BTC/USD
b,2024-11-12T06:50:47.433831866Z,2024-11-11 23:50:47.030236,89726.7,3.38806261,delete,OT2VZN-N3Y6B-ZXQFFW,BTC/USD
b,2024-11-12T06:50:46.545392700Z,2024-11-11 23:50:47.030236,89718.9,0.02229184,add,OLSQVO-7MQ5D-23PAH3,BTC/USD
b,2024-11-12T06:50:47.434162491Z,2024-11-11 23:50:47.030328,89733.9,1.78203059,delete,OLFKF3-45F4T-B3P7KS,BTC/USD
b,2024-11-12T06:50:47.434761212Z,2024-11-11 23:50:47.031073,89756.0,0.3375,add,OOY4SE-FVQ5P-BGYBUI,BTC/USD
b,2024-11-12T06:50:47.434952514Z,2024-11-11 23:50:47.031155,89756.0,0.3375,add,O3BVNY-UGGHQ-J56JKI,BTC/USD
b,2024-11-12T06:50:47.435936125Z,2024-11-11 23:50:47.032263,89733.9,1.71618529,delete,OU5XOV-ADQLU-LLRREY,BTC/USD
b,2024-11-12T06:50:47.436220409Z,2024-11-11 23:50:47.033184,3389.75,4.24812982,delete,OOQT4I-VKBN6-7KBDJG,ETH/USD
b,2024-11-12T06:50:46.795449665Z,2024-11-11 23:50:47.033184,3389.08,2.7,add,OV23KW-6KYIG-B2X7IL,ETH/USD
b,2024-11-12T06:50:47.436220413Z,2024-11-11 23:50:47.033276,3390.16,4.24812982,add,OC7FIT-67MPY-J4K53J,ETH/USD
a,2024-11-12T06:50:47.436271390Z,2024-11-11 23:50:47.033417,89781.3,0.00556897,delete,OY2XTG-B7FIR-2XSNZE,BTC/USD
a,2024-11-12T06:49:13.449499365Z,2024-11-11 23:50:47.033417,89803.0,0.00155264,add,OS24VP-W7GGU-XA2AOQ,BTC/USD
b,2024-11-12T06:50:47.436303840Z,2024-11-11 23:50:47.034085,89742.8,0.3375,delete,OIHNSV-CNNCU-OBQCVY,BTC/USD
a,2024-11-12T06:50:47.436359553Z,2024-11-11 23:50:47.034591,89756.1,0.00556897,delete,OF52VV-D4QNT-FDV4XG,BTC/USD
a,2024-11-12T06:50:02.311601679Z,2024-11-11 23:50:47.034591,89810.1,0.3375,add,OEZXNW-AUZO7-GKZCFU,BTC/USD
b,2024-11-12T06:50:47.002447660Z,2024-11-11 23:50:47.034814,89733.9,0.00023366,delete,OQWSW4-XHUHQ-DFGFBO,BTC/USD
